=LDR  00359    a2200121   4500
=001  10014
=020  \\$a9090104151
=100  \\$aPantus, W. J.$913165
=245  \\$aGeen decor, maar een feestelijke
=260  \\$c1997
=942  \\$cBOO
=952  \\$00$10$40$70$910002$aORPH$bORPH$cLOC_UNK$d2021-01-12$l0$p20120731$r2021-01-12 00:00:00$w2021-01-12$yTYPE_UNK$OKoopman
=999  \\$c10014$d10014

