=LDR  00895aam a2200205   4500
=001  10024
=008  230918s1989\\\\||||||||\||||\00|\0\eng\d
=041  \\$aeng
=100  \\$aParisi, S.H.$913176$4aut
=245  \\$aDucal patronage in Mantua 1587-1627:$bAn Archival Study, Part 1
=250  \\$aRepr.
=260  \\$c1989$aUrbana-Champaign$bUniversity of Illinois
=300  \\$a1564 pages
=648  \0$1http://www.wikidata.org/entity/Q7017$a16th Century (1501-1600)$920944
=648  \0$1http://www.wikidata.org/entity/Q7016$a17th Century (1601-1700)$920923
=650  \0$1http://www.wikidata.org/entity/Q309$aHistory$921403
=651  \0$1http://www.wikidata.org/entity/Q6247$aMantua (Italy)$921593
=942  \\$cBOO
=952  \\$00$10$2ddc$40$6TOP_IT_MAN_4_000000000000000$70$8TOP$910012$aORPH$bORPH$cKTS0$d2021-01-12$eKoopman$l0$oTOP IT.MAN 4$p20122152$r2021-01-12 00:00:00$w2021-01-12$yBOO$OKoopman
=999  \\$d10024

