=LDR  01117cam a2200289 a 4500
=001  10027
=005  20250120120226.0
=008  030512s2002\\\\it\a\\\\\b\\\l001\0\ita\d
=010  \\$a  2003469386
=020  \\$a8885099718
=035  \\$a(OCoLC)ocm52187434
=040  \\$aC3L$cC3L$dDLC
=042  \\$alccopycat
=043  \\$ae-it---
=045  \\$ao0s9$at0u9$av0w1
=100  \\$aParolotto, Alessia$913181
=245  13$aLa biblioteca del monastero di San Zeno in Verona, 1318-1770 /$cAlessia Parolotto.
=260  \\$aVerona :$bBiblioteca civica di Verona :$bDella Scala,$c2002.
=300  \\$axviii, 300 p., [8] leaves of plates :$bill. ;$c25 cm.
=490  1\$aLibraria & bibliographica ;$v3
=504  \\$aIncludes bibliographical references (p. 289-293) and index.
=610  \0$aSan Zeno di Verona (Abbey : Verona, Italy)$91494
=650  \0$aLibrary$1http://www.wikidata.org/entity/Q7075$94229
=651  \0$aItaly$1http://www.wikidata.org/entity/Q38$922
=942  \\$cBOO
=952  \\$00$10$40$70$910015$aORPH$bORPH$cLOC_UNK$d2021-01-12$l0$p20123255$r2021-01-12 00:00:00$w2021-01-12$yTYPE_UNK$OKoopman
=999  \\$c10027$d10027

