=LDR  00369    a2200109   4500
=001  10029
=100  \\$aParsons, Robert$d1535-1572$4cmp$913183
=245  \\$aConsort Songs
=260  \\$c1967
=942  \\$cSCO
=952  \\$00$10$2ddc$40$6SCO_MISC_BRET$70$8SCO$910017$aORPH$bORPH$cKTS1_P$d2021-01-12$l0$oSCO MISC BRET$p20121614$r2021-01-12 00:00:00$w2021-01-12$ySCO$OW.0992-XXII
=999  \\$c10029$d10029

