=LDR  00390    a2200121   4500
=001  10078
=020  \\$a9783829010061
=100  \\$aPérouse de Montclos$913230
=245  \\$aKastelen langs de Loire
=260  \\$c1998
=942  \\$cBOO
=952  \\$00$10$40$6TOP_FR_0_000000000000000$70$8TOP$910066$aORPH$bORPH$cKTS0$d2021-01-12$oTOP FR 0$p20121511$r2021-01-12 00:00:00$w2021-01-12$yBOO$OKoopman
=999  \\$c10078$d10078

