=LDR  01144cam a2200277 a 4500
=001  10099
=005  20250120115826.0
=008  010309s2000\\\\gw\ac\\\\b\\\\001\0\gerod
=010  \\$a  2001380659
=020  \\$a3374018114 (hd. bd.)
=035  \\$a(OCoLC)ocm45968817
=040  \\$aOHX$cOHX$dEMT$dOCLCQ$dDLC
=042  \\$alccopycat
=043  \\$ae-gx---
=072  \7$aBR$2lcco
=245  00$aIn der Mitte der Stadt :$bdie Evangelisch-reformierte Kirche zu Leipzig von der Einwanderung der Hugenotten bis zur friedlichen Revolution /$chrsg. von Hans-Jürgen Sievers.
=260  \\$aLeipzig :$bEvangelische Verlagsanstalt,$cc2000.
=300  \\$a207 p. :$bill., port. ;$c25 cm.
=504  \\$aIncludes bibliographical references and indexes.
=650  \0$aReformed Church$zGermany$zLeipzig$xHistory.
=650  \0$aReformed Church$zGermany$zLeipzig$xClergy$xHistory.
=651  \0$aGermany$xChurch history.$1http://www.wikidata.org/entity/Q183$9155
=700  1\$aSievers, Hans-Jürgen,$d1943-
=952  \\$00$10$2ddc$40$70$910087$aORPH$bORPH$cLOC_UNK$d2021-01-12$l0$r2021-01-12 00:00:00$w2021-01-12$yTYPE_UNK$OKoopman
=999  \\$c10099$d10099
=942  \\$cBOO

