=LDR  01994acm a2200325   4500
=001  10106
=008  230324s1928\\\\|||||l||\||||\00|\0\ger\d
=041  \\$ager
=100  \\$aPez, Johann Christoph$d1664-1716$4cmp$1http://www.wikidata.org/entity/Q316352$97628
=245  \\$aAusgewählte Werke
=246  \1$aAusgewählte Werke des Alt-Münchener Tonsetzers Johann Christoph Pez$bHofkapellmeister in Bonn und Stuttgart (1664-1716)
=260  \\$aAugsburg$bFilser$c1928
=490  \\$aDenkmäler deutscher Tonkunst: Folge 2, Denkmäler der Tonkunst in Bayern$v27-28
=505  \\$gBiographie -- Duplex Genius sive Gallo-Italus Instrumentorum Concentus (6 sonatas) -- Concerto Pastorale -- Trajano, Imperator Romano (excerpts) -- Corona Stellarum Duodecim -- Jubilum Missale Sextuples
=590  \\$aHerausgegeben und eingeleitet von Bertha Antonia Wallner. Bearbeitung des Basso Continuo von August Reuss
=648  \0$a17th Century (1601-1700)$1http://www.wikidata.org/entity/Q7016$920923
=648  \0$a18th Century (1701-1800)$1http://www.wikidata.org/entity/Q7015$920899
=650  \0$aComposer$1http://www.wikidata.org/entity/Q36834$93625
=650  \0$aBiography$1http://www.wikidata.org/entity/Q36279$91927
=650  \0$aSonata$1http://www.wikidata.org/entity/Q131269$921653
=650  \0$aOpera$1http://www.wikidata.org/entity/Q1344$92468
=650  \0$aMass$1http://www.wikidata.org/entity/Q217295$92735
=651  \0$aBonn (Germany)$1http://www.wikidata.org/entity/Q586$9112
=651  \0$aStuttgart (Germany)$1http://www.wikidata.org/entity/Q1022$921909
=700  \\$4edt$4win$925928$aWallner, Bertha Antonia$dfl. 1928
=700  \\$4arr$925929$aReuss, August$dfl. 1928$eBasso continuo realization
=856  \\$uhttp://opacplus.bsb-muenchen.de/title/BV007858860/ft/bsb00064331?page=1
=942  \\$cSCO
=952  \\$00$10$2ddc$40$6SCO_PEZ$70$8SCO$910094$aORPH$bORPH$cKTS1_P$d2008-07-08$eKoopman$iW.groot.007$l0$oSCO PEZ$p20124207$r2021-01-12 00:00:00$w2021-01-12$ySCO$OW.groot.007
=999  \\$d10106

