=LDR  01098aam a2200229   4500
=001  10119
=008  240502s1975\\\\|||f||||\||||\001\0\fre\d
=041  \\$afre
=100  \\$aPierre, Constant$4aut$916376
=245  \\$aHistoire du Concert Spirituel, 1725-1790
=260  \\$aParis$bSociété Française de Musicologie$c1975
=300  \\$a372 pages
=490  \\$aPublications de la Société Française de Musicologie$v3
=610  \0$aConcert Spirituel (Paris, France)$1http://www.wikidata.org/entity/Q1123913$921606
=648  \0$a18th Century (1701-1800)$1http://www.wikidata.org/entity/Q7015$920899
=650  \0$aConcert$1http://www.wikidata.org/entity/Q182832$921044
=650  \0$aInstitution$1http://www.wikidata.org/entity/Q178706$94241
=650  \0$aMusic history$1http://www.wikidata.org/entity/Q846047$921373
=651  \0$aParis (France)$1http://www.wikidata.org/entity/Q90$9160
=942  \\$cBOO
=952  \\$00$10$2ddc$40$6TOP_FR_PAR_5_000000000000000$70$8TOP$910107$aORPH$bORPH$cKTS0$d2021-07-08$eKoopman$i43A09$l0$oTOP FR.PAR 5$p20127272$r2021-01-12 00:00:00$w2021-01-12$yBOO$OKoopman
=999  \\$d10119

