=LDR  00319    a2200109   4500
=001  10122
=100  \\$aPietropoli, F.$913275
=245  \\$aDipinti restaurati
=260  \\$c2002
=942  \\$cBOO
=952  \\$00$10$40$70$910110$aORPH$bORPH$cLOC_UNK$d2021-01-12$l0$p20121129$r2021-01-12 00:00:00$w2021-01-12$yTYPE_UNK$OKoopman
=999  \\$c10122$d10122

