=LDR  00334    a2200109   4500
=001  10133
=100  \\$aPinho, E. G. de$913288
=245  \\$aSanta Cruz de Coimbra, Centro de
=260  \\$c1981
=942  \\$cBOO
=952  \\$00$10$40$70$910121$aORPH$bORPH$cLOC_UNK$d2021-01-12$l0$p20125276$r2021-01-12 00:00:00$w2021-01-12$yTYPE_UNK$OKoopman
=999  \\$c10133$d10133

