=LDR  01580cam a2200325 a 4500
=001  10136
=005  20250121142125.0
=008  880308s1987\\\\it\af\\\\b\\\\101\0\ita\\
=020  \\$a8822235290
=040  \\$aOI
=041  0\$aitaeng
=245  00$aHändel e gli Scarlatti a Roma :$batti del convegno internazionale di studi (Roma, 12-14 giugno 1985) /$ca cura di Nino Pirrotta e Agostino Ziino.
=260  \\$aFlorence$bOlschki$c1987.
=300  \\$avi, 439 p., [14] p. of plates :$bill. ;$c26 cm.
=500  \\$aItalian and English.
=500  \\$aAt head of title: Accademia nazionale di Santa Cecilia.
=504  \\$aIncludes bibliographical references and index.
=650  \0$aMusic$92062
=600  \0$aHandel, George Frideric$d1685-1759$1http://www.wikidata.org/entity/Q7302$94765
=600  \0$aScarlatti, Domenico$d1685-1757$1http://www.wikidata.org/entity/Q167837$95383
=600  \0$aScarlatti, Alessandro$d1660-1725$1http://www.wikidata.org/entity/Q183087$913800
=700  \\$aPirrotta, Nino$d1908-1998$1http://www.wikidata.org/entity/Q1993120$913293
=700  \\$aZiino, Agostino$916539
=711  2\$94690$aCongresso internazionale di studi su Händel e Scarlatti$d(1985 :$cRome, Italy)
=710  \\$aAccademia Nazionale di Santa Cecilia (Rome, Italy)$91284
=942  \\$cBOO
=952  \\$00$10$40$70$910124$aORPH$bORPH$cLOC_UNK$d2021-01-12$l0$p20128640$r2021-01-12 00:00:00$w2021-01-12$yTYPE_UNK$OKoopman
=999  \\$c10136$d10136
=651  \0$aItaly$1http://www.wikidata.org/entity/Q38$922
=648  \0$a18th Century (1701-1800)$1http://www.wikidata.org/entity/Q7015$920899

