=LDR  00387    a2200121   4500
=001  10139
=020  \\$a9788488474032
=100  \\$aPita Andrade, J. M.$913298
=245  \\$aOld Masters
=260  \\$c1992
=942  \\$cBOO
=952  \\$00$10$2ddc$40$6VIS_PITA$70$8VIS$910127$aORPH$bORPH$cKTS1_H$d2021-01-12$eKoopman$i31B29$l0$oVIS PITA$p20121100$r2021-01-12 00:00:00$w2021-01-12$yBOO$OKoopman
=999  \\$c10139$d10139

