=LDR  00394    a2200109   4500
=001  10154
=100  \\$aPlato$d428/427-348/347 BC $1http://www.wikidata.org/entity/Q859$913315
=245  \\$aLe banquet
=260  \\$c1966
=942  \\$cBOO
=952  \\$00$10$2ddc$40$6PHI_PLAT_A$70$8PHI$910142$aORPH$bORPH$cKM12_3_2$d2021-01-12$eKoopman$i20E26$oPHI PLAT a$p20125408$r2021-01-12 00:00:00$w2021-01-12$yBOO
=999  \\$c10154$d10154

