=LDR  00347    a2200121   4500
=001  10167
=020  \\$a9789035130906
=100  \\$aPleij, H.$913321
=245  \\$aHet gevleugelde woord
=260  \\$c2007
=942  \\$cBOO
=952  \\$00$10$40$70$910155$aORPH$bORPH$cLOC_UNK$d2021-01-12$l0$p20120065$r2021-01-12 00:00:00$w2021-01-12$yTYPE_UNK$OKoopman
=999  \\$c10167$d10167

