=LDR  01901cam a2200361 a 4500
=001  10172
=005  20250925143258.0
=008  110816s2010\\\\nyu\\\\\\b\\\\000\1\eng\d
=010  \\$a  2011456391
=020  \\$a9780307593962
=020  \\$a0307593967
=035  \\$a(OCoLC)ocn515404936
=040  \\$aBTCTA$beng$cBTCTA$dYDXCP$dBKX$dOJ4$dJRS$dISE$dKCP$dCDX$dDLC
=041  \\$aeng
=100  \\$aAsimov, Isaac$d1920-1992$4aut$913217
=245  10$aFoundation:$bFoundation and Empire; Second Foundation
=246  1\$aFoundation Trilogy
=260  \\$aNew York, NY$bEveryman's Library$c2010
=300  \\$ali, 605 p. ;$c21 cm.
=500  \\$a"This is a Borzoi book."
=504  \\$aIncludes bibliographical references (p. xxii-xxiv), and chronology.
=505  0\$aFoundation -- Foundation and empire -- Second foundation.
=520  \\$aThe Foundation, established after the Old Empire gives way to barbarism, fights against a mutant strain called the Mule and tries to get rid of the Second Foundation after learning it will inherit a future Empire.
=648  \0$a20th Century (1901-2000)$1http://www.wikidata.org/entity/Q6927$920936
=650  \0$aLiterature$1http://www.wikidata.org/entity/Q8242$94439
=700  \\$4win$aDirda, Michael$921693
=856  \\$uhttp://www.loc.gov/catdir/enhancements/fy1202/2011456391-b.html$3Contributor biographical information
=856  \\$uhttp://www.loc.gov/catdir/enhancements/fy1202/2011456391-d.html$3Publisher description
=856  \\$uhttp://www.loc.gov/catdir/enhancements/fy1202/2011456391-s.html$3Sample text
=942  \\$cBOO
=952  \\$00$10$2ddc$40$6LIT_ASIM_A$70$8LIT$910057$aORPH$bORPH$cKM12_2_H$d2020-07-08$eKoopman$oLIT ASIM a$r2021-01-12 00:00:00$w2021-01-12$yBOO$OKoopman
=952  \\$00$10$40$6LIT_ASIM_A$70$8LIT$910160$aORPH$bORPH$cKM12_2_H$d2021-01-12$l0$oLIT ASIM a$p20127168$r2021-01-12 00:00:00$w2021-01-12$yBOO$OKoopman
=999  \\$c10172$d10172

