=LDR  00918aam a2200193   4500
=001  10182
=008  241217s1962\\\\||||||||\||||\00|\0\ger\d
=041  \\$ager
=100  \\$aPohlmann, H.$913331
=245  \\$aDie Frühgeschichte des musikalischen Urheberrechts (ca. 1400-1800).$bNeue Materialien zur Entwicklung des Urheberrechtsbewusstseins der Komponisten
=260  \\$c1962$aKassel$bBärenreiter
=300  \\$a315 pages
=650  \0$aMusic printing$1http://www.wikidata.org/entity/Q64416036$94007
=650  \0$aCopyright$1http://www.wikidata.org/entity/Q1297822$94293
=650  \0$aPlagiarism$1http://www.wikidata.org/entity/Q164666$922390
=650  \0$aPublishing$1http://www.wikidata.org/entity/Q3972943$93049
=942  \\$cBOO
=952  \\$00$10$2ddc$40$6BIB_3_000000000000000_POHL$70$8BIB$910170$aORPH$bORPH$cKTS0$d2021-01-12$eKoopman$i34A43$l0$oBIB3 POHL$p20122618$r2021-01-12 00:00:00$w2021-01-12$yBOO$OKoopman
=999  \\$d10182

