=LDR  00835nam a2200217 a 4500
=001  10184
=005  20250120115909.0
=008  920911s1991\\\\ne\a\\\\\b\\\\000\0\dut\\
=020  \\$a905366016X
=040  \\$aOI
=100  \\$aPolak-Van 't Kruys, J. C.$913333
=245  14$aHet Paleis voor Volksvlijt /$cJ.C. Polak-Van 't Kruys.
=260  \\$a[Amsterdam] :$bStadsuitgeverij Amsterdam,$cc1991.
=300  \\$a104 p. :$bill. ;$c21 cm.
=504  \\$aIncludes bibliographical references (p. 104).
=610  \0$aPaleis voor Volksvlijt (Amsterdam, Netherlands)$1http://www.wikidata.org/entity/Q2077209$91505
=651  \0$aAmsterdam (Netherlands)$9189
=942  \\$cBOO
=952  \\$00$10$40$70$910172$aORPH$bORPH$cLOC_UNK$d2021-01-12$l0$p20125891$r2021-01-12 00:00:00$w2021-01-12$yTYPE_UNK$OKoopman
=999  \\$c10184$d10184
=490  \\$aHistorisch Amsterdam

