=LDR  02680cam a2200361 a 4500
=001  10185
=005  20251103124736.0
=008  910822s1992\\\\enkg\\\\\b\\\\001\0|eng\\
=041  \\$aeng
=100  \\$aPolk, Keith$917534$4aut
=245  10$aGerman Instrumental Music of the Late Middle Ages:$bPlayers, Patrons, and Performance Practice
=260  \\$aCambridge [England]$aNew York$bCambridge University Press$c1992
=300  \\$axvi-272 pages
=490  \\$aCambridge Musical Texts and Monographs
=504  \\$aIncludes bibliographical references (p. 252-266) and index.
=520  \\$aThis book describes instrumental music and its context in German society of the late middle ages - from about 1350 to 1520. Players at that time improvised, much like jazz musicians of our day, but because they did not use notated music, only scant remnants of their activity have survived in written sources, and much has been left obscure. This book attempts to reconstruct an image of their music, discussing the instruments, ensembles, and performance practices of the time. What emerges from this study is a fundamental reappraisal of late medieval culture. A musical life is reconstructed which was not only extraordinary in its own time, but which also laid the foundations of an artistic culture that later produced such giants as Schütz, Bach, Mozart and Beethoven.
=648  \0$aMiddle Ages (500-1400)$1http://www.wikidata.org/entity/Q12554$920964
=648  \0$a15th Century (1401-1500)$1http://www.wikidata.org/entity/Q7018$921015
=648  \0$a16th Century (1501-1600)$1http://www.wikidata.org/entity/Q7017$920944
=650  \0$aInstrumental music$1http://www.wikidata.org/entity/Q639197$92106
=650  \0$aInstrumentation$1http://www.wikidata.org/entity/Q617028$923032
=650  \0$aPerformance$1http://www.wikidata.org/entity/Q6942562$926223
=650  \0$aPatronage$1http://www.wikidata.org/entity/Q214092$94245
=650  \0$aMusical interpretation$1http://www.wikidata.org/entity/Q1668139$94533
=650  \0$aMusic history$1http://www.wikidata.org/entity/Q846047$921373
=650  \0$aNobility$1http://www.wikidata.org/entity/Q134737$93602
=650  \0$aInstitution$1http://www.wikidata.org/entity/Q178706$94241
=651  \0$aGermany$1http://www.wikidata.org/entity/Q183$9155
=856  \\$uhttp://www.loc.gov/catdir/description/cam024/91033751.html$3Publisher description
=856  \\$uhttp://www.loc.gov/catdir/toc/cam029/91033751.html$3Table of contents
=942  \\$cBOO
=952  \\$00$10$2ddc$40$6TOP_DE_3_000000000000000$70$8TOP$910173$aORPH$bORPH$cKTS0$d2021-01-12$eKoopman$i22D9$l0$oTOP DE 3$p20128466$r2021-01-12 00:00:00$w2021-01-12$yBOO$OKoopman
=999  \\$d10185

