=LDR  00552    a2200145   4500
=001  10198
=008  210315b\\\\\\\\be\|||||\||||\00|\0\eng\d
=041  \\$adut
=100  \\$aPot, C.$4aut$913349
=245  \\$aHet Kruizen en Mollen Dogma en de natuurlijke basis van ons toonstelsel
=260  \\$c1933$aSlikkeveer$bInstituut Klavarskribo
=300  \\$a36 pages
=942  \\$cBOO
=952  \\$00$10$2ddc$40$6MTP_1_000000000000000_POT$70$8MTP$910186$aORPH$bORPH$cKM12_1$d2021-01-12$eKoopman$i30B33$l0$oMTP1 POT$p20123393$r2021-01-12 00:00:00$w2021-01-12$yBOO
=999  \\$c10198$d10198

