=LDR  00822cam a2200241 i 4500
=001  10209
=005  20230123095233.0
=008  151016s2016\\\\nyua\\\\\b\\\\001\0\eng\\
=020  \\$a9780190215491 (alk. paper)
=040  \\$aOI$beng$erda
=100  \\$aDrisko, James W.$4aut$913357
=245  10$aContent Analysis
=264  \1$aNew York:$bOxford University Press$c[2016]
=300  \\$ax, 191 pages :$billustrations ;$c21 cm.
=336  \\$atext$2rdacontent
=337  \\$aunmediated$2rdamedia
=338  \\$avolume$2rdacarrier
=490  0\$aPocket guides to social work research methods
=504  \\$aIncludes bibliographical references and index.
=700  \\$aMaschi, Tina$4aut$913358
=942  \\$cBOO
=952  \\$00$10$2ddc$40$70$910197$aORPH$bORPH$cLOC_UNK$d2021-01-12$l0$r2021-01-12 00:00:00$w2021-01-12$yTYPE_UNK
=999  \\$d10209

