=LDR  00394    a2200109   4500
=001  10218
=100  \\$aPraetorius, Michael$d1571-1621$4cmp$1http://www.wikidata.org/entity/Q108278$97239
=245  \\$aMusæ Sioniæ Teil IX-2 (1610)
=260  \\$c1929
=942  \\$cSCO
=952  \\$00$10$40$70$8SCO$910206$aORPH$bORPH$cKTS1_P$d2021-01-12$l0$p20124263$r2021-01-12 00:00:00$w2021-01-12$ySCO$OW.2348 IX-2
=999  \\$c10218$d10218

