=LDR  00436    a2200121   4500
=001  10219
=100  \\$aPraetorius, Michael$d1571-1621$4cmp$1http://www.wikidata.org/entity/Q108278$97239
=245  \\$aMusæ Sioniæ Teil V (1607)
=260  \\$c1937
=500  \\$aNog geen RFID, geen Ex Libris tag in boek
=942  \\$cSCO
=952  \\$00$10$40$70$8SCO$910207$aORPH$bORPH$cKTS1_P$d2021-01-12$l0$r2021-01-12 00:00:00$w2021-01-12$ySCO$OW.2348 V
=999  \\$c10219$d10219

