=LDR  00392    a2200109   4500
=001  10220
=100  \\$aPraetorius, Michael$d1571-1621$4cmp$1http://www.wikidata.org/entity/Q108278$97239
=245  \\$aMusæ Sioniæ Teil VII (1609)
=260  \\$c1939
=942  \\$cSCO
=952  \\$00$10$40$70$8SCO$910208$aORPH$bORPH$cKTS1_P$d2021-01-12$l0$p20124264$r2021-01-12 00:00:00$w2021-01-12$ySCO$OW.2348 VII
=999  \\$c10220$d10220

