=LDR  00388    a2200109   4500
=001  10226
=100  \\$aPraetorius, Michael$d1571-1621$4cmp$1http://www.wikidata.org/entity/Q108278$97239
=245  \\$aMegalynodia Sionia (1611)
=260  \\$c1934
=942  \\$cSCO
=952  \\$00$10$40$70$8SCO$910214$aORPH$bORPH$cKTS1_P$d2021-01-12$l0$p20124262$r2021-01-12 00:00:00$w2021-01-12$ySCO$OW.2348 XIV
=999  \\$c10226$d10226

