=LDR  00376    a2200109   4500
=001  10229
=100  \\$aPraetorius, Michael$d1571-1621$4cmp$1http://www.wikidata.org/entity/Q108278$97239
=245  \\$aUrania (1613)
=260  \\$c1935
=942  \\$cSCO
=952  \\$00$10$40$70$8SCO$910217$aORPH$bORPH$cKTS1_P$d2021-01-12$l0$p20124260$r2021-01-12 00:00:00$w2021-01-12$ySCO$OW.2348 XVI
=999  \\$c10229$d10229

