=LDR  00402    a2200109   4500
=001  10231
=100  \\$aPraetorius, Michael$d1571-1621$4cmp$1http://www.wikidata.org/entity/Q108278$97239
=245  \\$aPolyhymnia Caduceatrix et Pan (1619)
=260  \\$c1933
=942  \\$cSCO
=952  \\$00$10$40$70$8SCO$910219$aORPH$bORPH$cKTS1_P$d2021-01-12$l0$p20124259$r2021-01-12 00:00:00$w2021-01-12$ySCO$OW.2348 XVII-2
=999  \\$c10231$d10231

