=LDR  00395    a2200109   4500
=001  10232
=100  \\$aPraetorius, Michael$d1571-1621$4cmp$1http://www.wikidata.org/entity/Q108278$97239
=245  \\$aPolyhymnia Exercitatrix (1620)
=260  \\$c1940
=942  \\$cSCO
=952  \\$00$10$40$70$8SCO$910220$aORPH$bORPH$cKTS1_P$d2021-01-12$l0$p20124258$r2021-01-12 00:00:00$w2021-01-12$ySCO$OW.2348 XVIII
=999  \\$c10232$d10232

