=LDR  00307    a2200109   4500
=001  10238
=100  \\$aPresser, J.$913368
=245  \\$aOndergang
=260  \\$c1965
=942  \\$cBOO
=952  \\$00$10$40$70$910226$aORPH$bORPH$cLOC_UNK$d2021-01-12$l0$p20120259$r2021-01-12 00:00:00$w2021-01-12$yTYPE_UNK$OKoopman
=999  \\$c10238$d10238

