=LDR  01317cam a2200277 i 4500
=001  10242
=008  800404s1981\\\\enka\\\\\b\\\\001\0deng\|
=041  \\$aeng
=100  \\$aPrice, C. David$4aut$940437
=245  10$aPatrons and musicians of the English Renaissance 
=260  \\$aCambridge$aNew York$bCambridge University Press$c1981
=300  \\$axix-250 pages
=490  \\$aCambridge studies in music
=500  \\$aIncludes index.
=504  \\$aBibliography: p. 226-244.
=648  \0$aRenaissance (1400-1600)$1http://www.wikidata.org/entity/Q4692$920965
=650  \0$aPatronage$1http://www.wikidata.org/entity/Q214092$94245
=650  \0$aMusic history$1http://www.wikidata.org/entity/Q846047$921373
=650  \0$aMusician$1http://www.wikidata.org/entity/Q639669$93574
=650  \0$aSociety$1http://www.wikidata.org/entity/Q8425$94658
=651  \0$aUnited Kingdom$1http://www.wikidata.org/entity/Q21$9273
=856  \\$uhttp://www.loc.gov/catdir/description/cam031/80040054.html$3Publisher description
=856  \\$uhttp://www.loc.gov/catdir/enhancements/fy0907/80040054-t.html$3Table of contents only
=942  \\$cBOO
=952  \\$00$10$2ddc$40$6TOP_GB_4_000000000000000$70$8TOP$910230$aORPH$bORPH$cKTS0$d2021-01-12$eKoopman$i34A39$l0$oTOP GB 4$p20122623$r2021-01-12 00:00:00$w2021-01-12$yBOO$OKoopman
=999  \\$d10242

