=LDR  00839cam a2200205 a 4500
=001  10257
=005  20250120120609.0
=008  930611s1993\\\\dcua\\\\\\\\\\000\0\eng\\
=020  \\$a0844408018
=040  \\$aOI
=051  \\$aZ663.37$b.L53 1993
=110  \\$aLibrary of Congress (Washington DC, USA)$1http://www.wikidata.org/entity/Q131454$91690
=245  10$aLibrary of Congress music, theater, dance :$ban illustrated guide.
=260  \\$aWashington :$bThe Library,$c1993.
=300  \\$a80 p. :$bill. ;$c23 cm.
=610  \0$aLibrary of Congress (Washington DC, USA)$1http://www.wikidata.org/entity/Q131454$91690
=650  \0$aPerforming arts$1http://www.wikidata.org/entity/Q184485$924526
=942  \\$cBOO
=952  \\$00$10$40$70$910245$aORPH$bORPH$cLOC_UNK$d2021-01-12$l0$p20123583$r2021-01-12 00:00:00$w2021-01-12$yTYPE_UNK$OKoopman
=999  \\$d10257

