=LDR  01170aaa a2200241   4500
=001  10262
=008  250424s1908\\\\|||\||||\||||\00|\0cger\d
=041  \\$ager
=100  \\$aPrümers, Adolf$d1877-1955$1http://www.wikidata.org/entity/Q94944934$913385$4aut
=245  \\$aBerühmte Thomaskantoren und ihre Schüler
=260  \\$c1908$aLangensalza$bBeyer & Söhne
=300  \\$a23 pages
=490  \\$aMusikalisches Magazin$vHeft 20
=610  \0$aThomasschule (Leipzig, Germany)$1http://www.wikidata.org/entity/Q699668$91465
=610  \0$aThomaskirche (Leipzig, Germany)$1http://www.wikidata.org/entity/Q170402$922279
=650  \0$aCantor$1http://www.wikidata.org/entity/Q330679$923204
=650  \0$aBoys' Choir$1http://www.wikidata.org/entity/Q1776834$940080
=650  \0$aMusic history$1http://www.wikidata.org/entity/Q846047$921373
=650  \0$aBiography$1http://www.wikidata.org/entity/Q36279$91927
=651  \0$aLeipzig (Germany)$1http://www.wikidata.org/entity/Q2079$945
=942  \\$cBOO
=952  \\$00$10$2ddc$40$6TOP_DE_LEI$70$8TOP$910250$aORPH$bORPH$cKTS0$d2021-01-12$eKoopman$i23E13$l0$oTOP DE.LEI$p20128942$r2021-01-12 00:00:00$w2021-01-12$yBOO$OKoopman
=999  \\$d10262

