=LDR  00324    a2200109   4500
=001  10272
=100  \\$aQuaedvlieg, G.$913391
=245  \\$aMaastrichts muziekleven
=260  \\$c1965
=942  \\$cBOO
=952  \\$00$10$40$70$910260$aORPH$bORPH$cLOC_UNK$d2021-01-12$l0$p20125653$r2021-01-12 00:00:00$w2021-01-12$yTYPE_UNK$OKoopman
=999  \\$c10272$d10272

