=LDR  00937nam a2200241 i 4500
=001  10275
=005  20250120120330.0
=008  010424s2001\\\\ne\\\\\||\\\\|000\||dut|d
=020  \\$a9065544232
=041  \\$adut$hlat
=100  \\$aQuintilian$d35-96$4aut$1http://www.wikidata.org/entity/Q193769$95436
=245  13$aDe opleiding tot redenaar
=250  \\$a2nd ed.
=260  \\$aGroningen$bHistorische Uitgeverij$c2001
=300  \\$a763 pages
=490  0\$aFilosofie en retorica$vVIII
=648  \0$aClassical Antiquity (8th Century BC-6th Century AD)$1http://www.wikidata.org/entity/Q486761$921435
=650  \0$aRhetoric$1http://www.wikidata.org/entity/Q81009$93894
=700  \\$aGerbrandy, Piet$d-1958$4trl$4win$921377
=765  \\$aInstitutio oratoria
=942  \\$cBOO
=952  \\$00$10$2ddc$40$6TRE_QUIN$70$8TRE$910263$aORPH$bORPH$cKTS1_H$d2021-01-12$eKoopman$i33C02$l0$oTRE QUIN$p20123024$r2021-01-12 00:00:00$w2021-01-12$yBOO
=999  \\$d10275

