=LDR  00370    a2200121   4500
=001  10292
=020  \\$a902070185
=100  \\$aRadcliffe, P.$4aut$913401
=245  \\$aE. J. Dent
=260  \\$c1976
=942  \\$cBOO
=952  \\$00$10$2ddc$40$6BIO_DENT_D$70$8BIO$910280$aORPH$bORPH$cKTS1_P$d2021-01-12$l0$oBIO DENT d$p20130027$r2021-01-12 00:00:00$w2021-01-12$yBOO$OThwaites
=999  \\$c10292$d10292

