=LDR  00325    a2200109   4500
=001  10298
=100  \\$aRădulescu, Horațiu$d1942-2008$4cmp$913412
=245  \\$aAmen
=260  \\$c1994
=942  \\$cSCO
=952  \\$00$10$40$70$8SCO$910286$aORPH$bORPH$cKTS1_P$d2021-01-12$l0$p20124304$r2021-01-12 00:00:00$w2021-01-12$ySCO$OW.1839
=999  \\$c10298$d10298

