=LDR  00336    a2200109   4500
=001  10299
=100  \\$aRădulescu, Horațiu$d1942-2008$4cmp$913412
=245  \\$aChriste Eleison
=260  \\$c1986
=942  \\$cSCO
=952  \\$00$10$40$70$8SCO$910287$aORPH$bORPH$cKTS1_P$d2021-01-12$l0$p20124303$r2021-01-12 00:00:00$w2021-01-12$ySCO$OW.1840
=999  \\$c10299$d10299

