=LDR  00376    a2200121   4500
=001  10300
=020  \\$aM200000740
=100  \\$aRădulescu, Horațiu$d1942-2008$4cmp$913412
=245  \\$aOmaggio a Domenico Scarlatti
=260  \\$c1967
=942  \\$cSCO
=952  \\$00$10$40$70$8SCO$910288$aORPH$bORPH$cKTS1_P$d2021-01-12$l0$p20124301$r2021-01-12 00:00:00$w2021-01-12$ySCO$OW.1845
=999  \\$c10300$d10300

