=LDR  01155nam a2200265 a 4500
=001  10301
=005  20250120120226.0
=008  950612s1993\\\\it\a\\\\\b\\\\000\0\ita\\
=020  \\$a8870960870
=040  \\$aOI
=100  \\$aRaffaelli, Paola.$99376
=245  12$aI manoscritti liturgico-musicali della Biblioteca cateriniana e del Fondo seminario Santa Caterina dell'Archivio arcivescovile di Pisa :$bstoria e catalogo /$cPaola Raffaelli.
=260  \\$aFlorence$bLibreria musicale italiana,$cc1993.
=300  \\$ax, 86 p. :$bill. ;$c24 cm.
=504  \\$aIncludes bibliographical references (p. [83]-86).
=650  \0$aMusic$92062
=610  \0$aBiblioteca cateriniana (Pisa, Italy)$91512
=610  \0$aArchivio arcivescovile di Pisa (Italy)$91513
=650  \0$aLibrary$1http://www.wikidata.org/entity/Q7075$94229
=942  \\$cBOO
=952  \\$00$10$40$70$910289$aORPH$bORPH$cLOC_UNK$d2021-01-12$l0$p20129225$r2021-01-12 00:00:00$w2021-01-12$yTYPE_UNK$OKoopman
=999  \\$c10301$d10301
=490  \\$aStudi musicali toscani ;$v1
=651  \0$aItaly$1http://www.wikidata.org/entity/Q38$922
=650  \0$aMusic history$1http://www.wikidata.org/entity/Q846047$921373

