=LDR  01397aaa a2200253   4500
=001  10322
=008  250505s1927\\\\|||fhg||\||||\00|\0\ger\d
=041  \\$ager
=245  \\$aDas Rostocker Liederbuch $bnach den Fragmenten der Handschrift
=260  \\$c1927$aHalle (Saale)$bNiemeyer
=300  \\$a306-[10] pages
=490  \\$aSchrifte der Königsberger Gelehrten Gesellschaft - Geisteswissenschaftliche Klasse$v4. Jahr - Heft 5
=500  \\$aModern edition of the "Niederd. Liederbuch 1478", Universitätsbibliothek Rostock, Handschriftensammlung, Nr. Mss. phil. 100/2
=590  \\$aNeu Herausgegeben
=610  \0$aUniversität Rostock (Germany)$1http://www.wikidata.org/entity/Q159895$91361
=648  \0$a15th Century (1401-1500)$1http://www.wikidata.org/entity/Q7018$921015
=650  \0$aManuscript$1http://www.wikidata.org/entity/Q87167$92275
=650  \0$aSong$1http://www.wikidata.org/entity/Q7366$94164
=651  \0$aRostock (Germany)$1http://www.wikidata.org/entity/Q2861$923800
=700  \\$aRanke, Friedrich$d1882-1950$1http://www.wikidata.org/entity/Q125644$4edt$913434
=700  \\$aMüller-Blattau, Joseph$d1895-1976$1http://www.wikidata.org/entity/Q96929$4edt$917541
=942  \\$cBOO
=952  \\$00$10$2ddc$40$6TOP_DE_ROS_4_000000000000000$70$8TOP$910310$aORPH$bORPH$cKTS0$d2021-01-12$eKoopman$i20F21$l0$oTOP DE.ROS 4$p20128129$r2021-01-12 00:00:00$w2021-01-12$yBOO$OKoopman
=999  \\$d10322

