=LDR  01506cam a2200301 a 4500
=001  10327
=005  20251014122113.0
=008  911226s1991\\\\ne\a\\\\\bc\\\001\0\eng\\
=020  \\$a9066302844
=040  \\$aOI
=041  1\$aeng$hdut
=245  10$aCatalogue of the Van Gogh Museum's Collection of Japanese Prints
=260  \\$aAmsterdam$bVan Gogh Museum$aZwolle$bWaanders Publishers$c1991
=300  \\$a328 pages$billustrations
=500  \\$a"A selection of the prints in this catalogue will be exhibited in the Van Gogh Museum from 7 June until 22 September 1991 as part of the exhibition Japan, Van Gogh's utopia"
=504  \\$aIncludes bibliographical references (p. 320) and index.
=610  20$aVan Gogh Museum, Amsterdam$941584
=650  \0$aFine art$1http://www.wikidata.org/entity/Q219625$921579
=650  \0$aExhibition$1http://www.wikidata.org/entity/Q464980$925353
=650  \0$aCatalogue$1http://www.wikidata.org/entity/Q2352616$1http://www.wikidata.org/entity/Q6941730$921484
=651  \0$aJapan$1http://www.wikidata.org/entity/Q17$921369
=700  1\$aKōdera, Tsukasa$4win$941583
=700  1\$aBremen-Ito, Keiko van$4aut$941581
=700  \\$aRappard-Boon, Charlotte van$1http://www.wikidata.org/entity/Q112401629$4aut$913437
=700  1\$aGulik, Willem R. van$4aut$941582
=942  \\$cBOO
=952  \\$00$10$2ddc$40$6TOP_JP_6_000000000000000$70$8TOP$910315$aORPH$bORPH$cKTS0$d2021-01-12$eKoopman$i21A24$l0$oTOP JP 6$p20128320$r2021-01-12 00:00:00$w2021-01-12$yBOO$OKoopman
=999  \\$d10327

