=LDR  05437cam a2200565 a 4500
=001  10331
=005  20250820130744.0
=008  111209s2011\\\\be\ag\\\\b\\\\101\0\eng\d
=010  \\$a  2012387021
=016  7\$a015952878$2Uk
=020  \\$a9782503542447
=020  \\$a2503542441
=035  \\$a(OCoLC)ocn754708000
=035  \\$a(OCoLC)754708000
=040  \\$aOI
=041  0\$aeng$aita$beng
=100  \\$4edt$aRasch, Rudolf$d1945-$eEditor$1http://www.wikidata.org/entity/Q112427566$913439
=245  00$aBeyond Notes: Improvisation in Western Music of the Eighteenth and Nineteenth Centuries
=260  \\$aTurnhout$bBrepols$c2011
=300  \\$axii, 387 p. :$bill., music ;$c27 cm.
=490  1\$aSpeculum musicæ$v16
=500  \\$aPapers originally presented at an international conference held in La Spezia, Italy, July 15-17, 2010.
=504  \\$aIncludes bibliographical references and index.
=505  00$gTo begin with. The volatility of musical composition / Rudolf Rasch -- The Eighteenth Century : theory. The "Fantasy principle" : improvisation between imagination and oration in the Eighteenth Century / Martin Kaltenecker -- Testimonianze sulla prassi improvvisativa dei musicisti italiani tra Sette e Ottocento / Carmela Bongiovanni -- "L'orecchio più che 'l tempo dee servire di guida" : l'improvvisazione nella trattatistica italiana del secondo Settecento / Mariateresa Dellaborra -- The Eighteenth Century : practice. Harmonic patterns and melodic paraphrases in Eighteenth-Century Portuguese music for the five-course guitar / Rogério Budasz -- Formule e improvvisazione nei recitativi delle Cantate di Alessandro Scarlatti / Simone Ciolfi -- Natura e arte nell'improvvisazione di Giuseppe Tartini / Gregorio Carraro -- "Cet art est la perfection du talent" : chordal thoroughbass realization and improvised solo performance on the viol and cello in the Eighteenth Century / John Lutterman -- The Nineteenth Century : keyboard instruments. Improvisation into composition : the first movement of Johann Nepomuk Hummel's Sonata in F-sharp minor, op. 81 / Rohan H. Stewart-MacDonald -- Clara Wieck Schumann's improvisations and her 'Mosaics' of small forms / Valerie Woodring Goertzen -- Cadenza improvisation in Nineteenth-Century solo piano music according to Czerny, Liszt and their contemporaries / Martin Edin -- Practical improvisation : the art of Louis Vierne -- The Nineteenth Century : bowed strings. Paganini's virtuosity and improvisatory style / Philippe Borer -- Charles-Auguste de Bériot e l'improvvisazione virtuosistica per violino / Renato Ricco -- The advantages and drawbacks of notation, or How to face improvisatory elements in Nineteenth-Century Hungarian popular music / Csilla Pethő-Vernet -- The Nineteenth Century : vocal music. Improvvisazione e ornamentazione nell'opera francese e italiana di primo Ottocento / Damien Colas -- "Abbellimenti o fioriture" : further evidence of creative embellishment in and beyond the Rossinian repertoire / Laura Möckli -- Manacled freedom : Nineteenth-Century vocal improvisation and the flute-accompanied cadenza in Gaetano Donizetti's Lucia di Lammermoor / Naomi Matsumoto -- Improvvisazione popolare e urbana a Napoli nel primo Ottocento : dai canti del molo a "Io te voglio bene assaje" / Raffaele Di Mauro -- And to end with. "Ghost notes" : issues of inaudible improvisations / Vincenzo Caporaletti
=546  \\$a13 English, 7 Italian contributions with English summaries.
=600  \0$aScarlatti, Alessandro$d1660-1725$1http://www.wikidata.org/entity/Q183087$913800
=600  \0$aTartini, Giuseppe$d1692-1770$1http://www.wikidata.org/entity/Q108555$95536
=600  \0$aHummel, Johann Nepomuk$d1778-1837$1http://www.wikidata.org/entity/Q151953$911746
=600  \0$aPaganini, Niccolò$d1782-1840$1http://www.wikidata.org/entity/Q66075$923036
=600  \0$aCzerny, Carl$d1791-1857$1http://www.wikidata.org/entity/Q215333$96032
=600  \0$aRossini, Gioacchino$d1792-1868$1http://www.wikidata.org/entity/Q9726$96192
=600  \0$aDonizetti, Gaetano$d1797-1848$1http://www.wikidata.org/entity/Q101698$96715
=600  \0$aLiszt, Franz$d1811-1886$1http://www.wikidata.org/entity/Q41309$917400
=600  \0$aSchumann, Clara$d1819-1896$1http://www.wikidata.org/entity/Q132232$915642
=648  \0$a18th Century (1701-1800)$1http://www.wikidata.org/entity/Q7015$920899
=648  \0$a19th Century (1801-1900)$1http://www.wikidata.org/entity/Q6955$920935
=650  \0$aImprovisation$1http://www.wikidata.org/entity/Q1049625$93640
=650  \0$aFantasia$1http://www.wikidata.org/entity/Q836571$921930
=650  \0$aOrnamentation$1http://www.wikidata.org/entity/Q739589$922524
=650  \0$aOpera$1http://www.wikidata.org/entity/Q1344 $92468
=650  \0$aCantata$1http://www.wikidata.org/entity/Q174873$921603
=650  \0$aGuitar$1http://www.wikidata.org/entity/Q6607$921152
=650  \0$aBowed string instrument$1http://www.wikidata.org/entity/Q192096$92398
=650  \0$aKeyboard music$1http://www.wikidata.org/entity/Q105715630$921412
=650  \0$aCadenza$1http://www.wikidata.org/entity/Q14088448$923291
=651  \0$aItaly$1http://www.wikidata.org/entity/Q38$922
=651  \0$aPortugal$1http://www.wikidata.org/entity/Q45$9136
=942  \\$cBOO
=952  \\$00$10$2ddc$40$6GHM_5_000000000000000$70$8GHM$910319$aORPH$bORPH$cKM12_1$d2021-01-12$l0$oGHM5$p20129602$r2021-01-12 00:00:00$w2021-01-12$yBOO
=999  \\$d10331

