=LDR  01457aam a2200241   4500
=001  10335
=008  250505s1911\\\\|||g||||\b|||\001\0\ger\d
=041  \\$ager
=100  \\$aRattay, Kurt$913443$4aut
=245  \\$aDie Ostracher Liederhandschrift und Ihre Stellung in der Geschichte des Deutschen Liedes,$bauf Grund der handschriftlichen Liedersammlungen des XVII. und XVIII. Jahrhunderts untersucht.
=260  \\$c1911$aHalle a.S.$bNiemeyer
=300  \\$axii-135 pages
=500  \\$aThe Ostracher Liederhandschrift is a songbook of art songs probably compiled by the Cistercian priest Theobald Vogler from Salem around 1740, which was found around 1900 in a farmhouse in Ostrach in Upper Swabia, Germany.
=648  \0$a17th Century (1601-1700)$1http://www.wikidata.org/entity/Q7016$920923
=648  \0$a18th Century (1701-1800)$1http://www.wikidata.org/entity/Q7015$920899
=650  \0$aSong$1http://www.wikidata.org/entity/Q7366$94164
=650  \0$aManuscript$1http://www.wikidata.org/entity/Q87167$92275
=650  \0$aMusic history$1http://www.wikidata.org/entity/Q846047$921373
=650  \0$aMusic of Germany$1http://www.wikidata.org/entity/Q2743758$927708
=651  \0$aOstrach (Germany)$1http://www.wikidata.org/entity/Q632770$940129
=942  \\$cBOO
=952  \\$00$10$2ddc$40$6TOP_DE_OST2_5_000000000000000$70$8TOP$910322$aORPH$bORPH$cKTS0$d2021-01-12$eKoopman$i20F16$l0$oTOP DE.OST2 5$p20128134$r2021-01-12 00:00:00$w2021-01-12$yBOO$OKoopman
=999  \\$d10335

