=LDR  02467aam a2200337   4500
=001  10340
=005  20251103113731.0
=008  251103s2004\\\\|||ao|||\bc||\00|\0\it\\d
=041  \\$aita
=100  \\$aRavanelli Guidotti, Carmen$913447$4aut
=245  \\$aMusica di Smalto.$bMaioliche fra XVI e XVIII secolo del Museo Internazionale delle Ceramiche del Faenza
=260  \\$c2004$aFerrara$bBelriguardo
=300  \\$a121-[5] pages
=500  \\$aMaiolica is tin-glazed pottery decorated in colours on a white background. In Italy, the production arose in the northern and central regions. In France, maiolica developed as faience, in the Netherlands and England as delftware, and in Spain as talavera. In English, the spelling was anglicised to majolica.
Italian maiolica reached an astonishing degree of perfection in the 15th century. In Romagna, Faenza, which gave its name to faience, produced fine maiolica from the early fifteenth century. The early sixteenth century saw the development of istoriato wares on which historical and mythical scenes were painted in great detail.
=590  \\$aMostra In occosione del 67° Maggio Fiorentino. Firenze, Galleria degli Uffizi, Sala delle Reali Poste, 23 april - 23 giugno 2004
=610  \0$aMuseo Internazionale delle Ceramiche (Faenza, Italy)$1http://www.wikidata.org/entity/Q3330620$941718
=648  \0$a16th Century (1501-1600)$1http://www.wikidata.org/entity/Q7017$920944
=648  \0$a17th Century (1601-1700)$1http://www.wikidata.org/entity/Q7016$920923
=648  \0$a18th Century (1701-1800)$1http://www.wikidata.org/entity/Q7015$920899
=650  \0$aIconography$1http://www.wikidata.org/entity/Q208145$921259
=650  \0$aMusical Instrument$940212
=650  \0$aMusic history$1http://www.wikidata.org/entity/Q846047$921373
=650  \0$aApplied arts$1http://www.wikidata.org/entity/Q2865882$921627
=650  \0$aFine art$1http://www.wikidata.org/entity/Q219625$921579
=650  \0$aExhibition$1http://www.wikidata.org/entity/Q464980$925353
=650  \0$aCatalogue$1http://www.wikidata.org/entity/Q2352616$1http://www.wikidata.org/entity/Q6941730$921484
=651  \0$aItaly$1http://www.wikidata.org/entity/Q38$922
=651  \0$aFaenza (Italy)$1http://www.wikidata.org/entity/Q52981$941717
=942  \\$cBOO
=952  \\$00$10$2ddc$40$6TOP_IT_4_000000000000000$70$8TOP$910327$aORPH$bORPH$cKTS0$d2021-01-12$eKoopman$i34E35$l0$oTOP IT 4$p20120790$r2021-01-12 00:00:00$w2021-01-12$yBOO$OKoopman
=999  \\$d10340

