=LDR  00721cam a22001935i 4500
=001  10345
=005  20230123095244.0
=008  170911s2011\\\\bl\\\\\\\\\\\\000\0\por\\
=040  \\$aOI$beng$erda
=100  \\$aVilhena, Luís dos Santos$4aut$913456
=245  10$aCartas de Vilhena anno 1802 :$bnotícias soteropolitanas e brasílicas /$cLuís dos Santos Vilhena.
=264  \1$aSalvador :$b[Publisher not identified],$c2011.
=300  \\$a217 pages ;$c24 cm
=336  \\$atext$btxt$2rdacontent
=337  \\$aunmediated$bn$2rdamedia
=338  \\$avolume$bnc$2rdacarrier
=942  \\$cBOO
=952  \\$00$10$40$70$910332$aORPH$bORPH$cLOC_UNK$d2021-01-12$l0$p20122527$r2021-01-12 00:00:00$w2021-01-12$yTYPE_UNK$OKoopman
=999  \\$c10345$d10345

