=LDR  01097aam a2200217   4500
=001  10346
=008  230524r19501948||||||||\||||\00|\0\dut\d
=041  \\$adut$hger
=100  1\$aRebling, Eberhard$d1911-2008$4aut$1http://www.wikidata.org/entity/Q216336$913457
=245  \\$aDen Lustelycken Mey, Muziek en Maatschappij in de Zeventiende Eeuw in Nederland
=260  \\$c1950$aAntwerp$aAmsterdam$bWereldbibliotheek
=300  \\$a180 pages
=500  \\$aEberhard Rebling (1911-2008) was a German pianist, musicologist and dance scholar as well as an anti fascist.
=534  \\$cAmsterdam: 1948
=648  \0$1http://www.wikidata.org/entity/Q7016$a17th Century (1601-1700)$920923
=650  \0$1http://www.wikidata.org/entity/Q846047$aMusic history$921373
=651  \0$1http://www.wikidata.org/entity/Q55$aNetherlands$9173
=765  \\$aDen lustelijken Mai – Musik im 17. Jahrhundert in den Niederlanden
=942  \\$cBOO
=952  \\$00$10$2ddc$40$6TOP_NL_5_000000000000000$70$8TOP$910333$aORPH$bORPH$cKTS0$d2021-01-12$eKoopman$l0$oTOP NL 5$p20127975$r2021-01-12 00:00:00$w2021-01-12$yBOO$OKoopman
=999  \\$d10346

