=LDR  00390    a2200121   4500
=001  10348
=020  \\$a9789061537861
=100  \\$aRecht, R.$913459
=245  \\$aHet meesterlijke atelier
=260  \\$c2007
=942  \\$cBOO
=952  \\$00$10$2ddc$40$6VIS_RECH$70$8VIS$910335$aORPH$bORPH$cKTS1_H$d2021-01-12$eKoopman$i46G10$l0$oVIS RECH$p20127006$r2021-01-12 00:00:00$w2021-01-12$yBOO$OKoopman
=999  \\$c10348$d10348

