=LDR  00691    a2200157   4500
=001  10352
=008  210315b\\\\\\\\be\|||||\||||\00|\0\eng\d
=041  \\$adut$aspa
=100  \\$aRee Bernard, N. van$4aut$913464
=245  \\$aStemmingen en stem-methoden beschreven in spaanse teksten uit de 16e eeuw - snaarinstrumenten
=246  \\$aAfinaciones y maneras de afinar descritas en textos espagñoles del siglo XVI - instrumentos de cuerda
=260  \\$c1978$aUtrecht$bSTIMU
=300  \\$a165 pages
=942  \\$cBOO
=952  \\$00$10$2ddc$40$6MTP_1_000000000000000_REE$70$8MTP$910339$aORPH$bORPH$cKM12_1$d2021-01-12$eKoopman$i19A34$l0$oMTP1 REE$p20125141$r2021-01-12 00:00:00$w2021-01-12$yBOO
=999  \\$c10352$d10352

