=LDR  01399aam a2200265   4500
=001  10363
=008  241218s1966\\\\||||||||\||||\00|\0\ger\d
=041  \\$ager
=100  \\$aReich, Wolfgang$d1927-2015$4edt$911684
=245  \\$aThrenodiae sacrae.$bKatalog der gedruckten Kompositionen des 16.-18. Jahrhunderts in Leichenpredigtsammlungen innerhalb der Deutschen Demokratischen Republik
=260  \\$c1966$aDresden
=300  \\$a75 pages
=490  \\$aVeröffentlichungen der Sächsischen Landesbibliothek$v7
=648  \0$a16th Century (1501-1600)$1http://www.wikidata.org/entity/Q7017$920944
=648  \0$a17th Century (1601-1700)$1http://www.wikidata.org/entity/Q7016$920923
=648  \0$a18th Century (1701-1800)$1http://www.wikidata.org/entity/Q7015$920899
=650  \0$aMusic printing$1http://www.wikidata.org/entity/Q64416036$94007
=650  \0$aPublishing$1http://www.wikidata.org/entity/Q3972943$93049
=650  \0$aSermon$1http://www.wikidata.org/entity/Q60797$921869
=650  \0$aFuneral$1http://www.wikidata.org/entity/Q201676$93261
=650  \0$aFuneral music$1http://www.wikidata.org/entity/Q42190230$94426
=651  \0$aGermany$1http://www.wikidata.org/entity/Q183$9155
=942  \\$cBOO
=952  \\$00$10$2ddc$40$6BIB_3_000000000000000_REIC$70$8BIB$910350$aORPH$bORPH$cKTS0$d2021-01-12$eKoopman$i43B07$l0$oBIB3 REIC$p20127245$r2021-01-12 00:00:00$w2021-01-12$yBOO$OKoopman
=999  \\$d10363

