=LDR  00852cam a2200205 i 4500
=001  10365
=005  20250120120330.0
=008  771012r19761774ge\\\\\\\b\\\\000\0bger\\
=041  \\$ager
=100  \\$aReichardt, Johann Friedrich$d1752-1814$4aut$1http://www.wikidata.org/entity/Q213742$95430
=245  10$aBriefe, die Musik betreffend
=260  \\$aLeipzig$bP. Reclam$c1976
=300  \\$a325 pages
=490  0\$aUniversal Bibliothek$v620
=650  \0$aComposing$1http://www.wikidata.org/entity/Q92186587$93076
=650  \0$aCorrespondence$1http://www.wikidata.org/entity/Q1784733$921392
=942  \\$cBOO
=952  \\$00$10$2ddc$40$6TRE_REIC$70$8TRE$910352$aORPH$bORPH$cKTS1_H$d2021-01-12$eKoopman$i38D26$l0$oTRE REIC$p20122379$r2021-01-12 00:00:00$w2021-01-12$yBOO
=999  \\$c10365$d10365
=650  \0$aMusic criticism$1http://www.wikidata.org/entity/Q11748889$921598

