=LDR  01587nam a2200301 a 4500
=001  10374
=008  920806s1991\\\\gw\g\\\\\|\\\\001\0dger\|
=041  \\$ager
=100  \\$aReimer, Erich$d1940-$1http://www.wikidata.org/entity/Q59615818$4aut$939669
=245  14$aDie Hofmusik in Deutschland, 1500-1800.$bWandlungen einer Institution.
=260  \\$aWilhelmshaven$bFlorian Noetzel "Heinrichshofen-Bücher"$c1991
=300  \\$a239 pages
=490  \\$aTaschenbücher zur Musikwissenschaft$v112
=504  \\$aIncludes bibliographical references (p. 209-229) and indexes.
=648  \0$a16th Century (1501-1600)$1http://www.wikidata.org/entity/Q7017$920944
=648  \0$a17th Century (1601-1700)$1http://www.wikidata.org/entity/Q7016$920923
=648  \0$a18th Century (1701-1800)$1http://www.wikidata.org/entity/Q7015$920899
=650  \0$aMusic history$1http://www.wikidata.org/entity/Q846047$921373
=650  \0$aComposer$1http://www.wikidata.org/entity/Q36834$93625
=650  \0$aOpera$1http://www.wikidata.org/entity/Q1344 $92468
=650  \0$aCantata$1http://www.wikidata.org/entity/Q174873$921603
=650  \0$aCappella$1http://www.wikidata.org/entity/Q19902156$922910
=650  \0$aCourt$1http://www.wikidata.org/entity/Q1134237$922191
=650  \0$aNobility$1http://www.wikidata.org/entity/Q134737$93602
=651  \0$aGermany$1http://www.wikidata.org/entity/Q183$9155
=942  \\$cBOO
=952  \\$00$10$2ddc$40$6TOP_DE_4_000000000000000$70$8TOP$910361$aORPH$bORPH$cKTS0$d2021-01-12$eKoopman$i37A17$l0$oTOP DE 4$p20120618$r2021-01-12 00:00:00$w2021-01-12$yBOO$OKoopman
=999  \\$d10374

