=LDR  00357    a2200121   4500
=001  10383
=020  \\$a9789070534479
=100  \\$aRemmerswaal, L. H.$913491
=245  \\$aEen duurzame alliantie
=260  \\$c2009
=942  \\$cBOO
=952  \\$00$10$40$70$910370$aORPH$bORPH$cLOC_UNK$d2021-01-12$l0$p20120151$r2021-01-12 00:00:00$w2021-01-12$yTYPE_UNK$OKoopman
=999  \\$c10383$d10383

