=LDR  00353    a2200109   4500
=001  10396
=100  \\$aResciniti, L.$913503
=245  \\$aColori Musica
=260  \\$c1996
=942  \\$cBOO
=952  \\$00$10$2ddc$40$6VIS_RESC$70$8VIS$910383$aORPH$bORPH$cKTS1_H$d2021-01-12$eKoopman$i44F03$l0$oVIS RESC$p20126841$r2021-01-12 00:00:00$w2021-01-12$yBOO$OKoopman
=999  \\$c10396$d10396

