=LDR  00554    a2200181   4500
=001  10407
=003  OSt
=005  20230123095302.0
=008  210209b\\\\\\\\\\\|||||\||||\00|\0\eng\d
=040  \\$cST
=041  \\$afre
=100  \\$aReyna, F.$4aut$913511
=245  \\$aHistoire du Ballet
=260  \\$c1964$aParis$bEditions Aimery Somogy
=300  \\$a256 pages
=942  \\$cBOO$2ddc
=952  \\$00$10$2ddc$40$6GEN_17_000000000000000$70$8GEN$910394$aORPH$bORPH$cKM12_1$d2021-01-12$eKoopman$l0$oGEN 17$p20129066$r2021-01-12 00:00:00$w2021-01-12$yBOO
=999  \\$c10407$d10407

