=LDR  01652aaa a2200253   4500
=001  10416
=008  250616s1971\\\\|||oac||\||||\00|\0\fre\d
=041  \\$afre
=100  \\$aRichard, Robert$913522$4aut
=245  \\$aL'hotel de Berny.$bLe Musée d'Art Local et d'Histoire Régionale à Amiens
=260  \\$c1971$aParis
=300  \\$a20 pages
=500  \\$aSupplement to La Revue Française nr.243, june 1971
=500  \\$aThe hôtel is in the Louis XIII style in brick and stone, with a large main lodge and two pavilions behind it, built between 1633 and 1634 for the Treasurer of France for the generality of Picardy. In 1790 that office was suppressed and the hôtel sold off to become a private house. It was rebuilt in the 19th century under the Second French Empire by the marquis de Landreville to designs by the architect Antoine - the frères Duthoit also redecorated its interior. In 1966 it became a museum.
=500  \\$aThe collection contains a 1612 harpsichord by Rückers junior.
=610  \0$aMusée de l’Hôtel de Berny$1http://www.wikidata.org/entity/Q3329793$940385
=650  \0$1http://www.wikidata.org/entity/Q12271$93185$aArchitecture
=650  \0$aFine art$1http://www.wikidata.org/entity/Q219625$921579
=650  \0$aInterior design$1http://www.wikidata.org/entity/Q179232$921367
=650  \0$aHarpsichord$1http://www.wikidata.org/entity/Q81982$92125
=651  \0$aAmiens (France)$1http://www.wikidata.org/entity/Q41604$940384
=942  \\$cBOO
=952  \\$00$10$2ddc$40$6TOP_FR_AMI$70$8TOP$910403$aORPH$bORPH$cKTS0$d2021-01-12$eKoopman$i21A29$l0$oTOP FR.AMI$p20128315$r2021-01-12 00:00:00$w2021-01-12$yBOO$OKoopman
=999  \\$d10416

