=LDR  01083cam a2200265 i 4500
=001  10425
=005  20250120120201.0
=008  761023s1975\\\\gw\a\\\\\b\\\\000\0\ger\\
=015  \\$aGFR76-A
=020  \\$a3873975009 :$cDM28.00
=040  \\$aOI
=100  \\$aFinkel, Klaus$913536
=245  10$aMusikalische Struktur und graphische Notierung :$bHörerziehung bei musikal. nicht vorgebildeten Schülern d. Sekundarstufe /$cKlaus Finkel, Ulrike Wünnenberg.
=260  \\$aMünchen ;$aSalzburg :$bE. Katzbichler,$c1975.
=300  \\$a119 p. :$bill. ;$c25 cm.
=490  0\$aMaterialien zur Musikpädagigik ; Bd. 1
=504  \\$aBibliography: p. 93-96.
=650  \0$aSchool music$93677
=650  \0$aMusical analysis$1http://www.wikidata.org/entity/Q1544924$92775
=650  \0$aNotation$1http://www.wikidata.org/entity/Q233861$91964
=700  \\$aWünnenberg, Ulrike$913537
=942  \\$cBOO
=952  \\$00$10$2ddc$40$70$910412$aORPH$bORPH$d2021-01-12$l0$r2021-01-12 00:00:00$w2021-01-12$yTYPE_UNK$OKoopman
=999  \\$c10425$d10425
=651  \0$aGermany$1http://www.wikidata.org/entity/Q183$9155

