=LDR  01107    a2200217   4500
=001  10431
=005  20251003085458.0
=008  241125s1979\\\\||||||||\c|||\00|\0\ger\d
=100  \\$aRiedel, Friedrich Wilhelm$d1929-2020$1http://www.wikidata.org/entity/Q85423107$910668
=245  \\$aMusikalische Schätze aus neun Jahrhunderte.$bAusstellung des Musikarchivs, der Bibliothek und des Graphischen Kabinetts des Stiftes Göttweig.
=260  \\$c1979$aGöttweig$bStift Göttweig
=300  \\$a100 Pages
=590  \\$a28. Jahresausstelung 1979 - 6. Mai bis 28.Oktober
=610  \0$aBenediktinerstift Göttweig (Austria)$939216
=650  \0$aMusic history$1http://www.wikidata.org/entity/Q846047$921373
=650  \0$aCatalogue$1http://www.wikidata.org/entity/Q2352616$1https://www.wikidata.org/wiki/Q6941730$921484
=650  \0$aExhibition$1http://www.wikidata.org/entity/Q464980$925353
=651  \0$aGöttweig (Austria)$939215
=942  \\$cBOO
=952  \\$00$10$2ddc$40$6TOP_AT_GOT$70$8TOP$910418$aORPH$bORPH$cKTS0$d2021-01-12$eKoopman$l0$oTOP AT.GOT$p20127698$r2021-01-12 00:00:00$w2021-01-12$yBOO$OKoopman
=999  \\$d10431

