=LDR  01069aam a2200217   4500
=001  10432
=008  250127s1959\\\\|||\||||\||||\000\0\ger\d
=041  \\$ager
=059  \\$a703 pages
=100  \\$aRiedel, Herbert$939574
=245  \\$aMusik und Musikerlebnis in der erzählenden Deutschen Dichtung
=260  \\$c1959$aBonn$bBouvier
=490  \\$aAbhandlungen zur Kunst- , Musik- und Literaturwissenschaft$v12
=500  \\$aDoctoral dissertation (Inaugural-Dissertation zur Erlangung der Doktorwürde der Philosophischen Fakultät der Rheinischen Friedrich-Wilhelms-Universität zu Bonn, 1956)
=650  \0$aMusic$1http://www.wikidata.org/entity/Q638$92062
=650  \0$aMusic history$1http://www.wikidata.org/entity/Q846047$921373
=650  \0$aLiterature$1http://www.wikidata.org/entity/Q8242$94439
=651  \0$aGermany$1http://www.wikidata.org/entity/Q183$9155
=942  \\$cBOO
=952  \\$00$10$2ddc$40$6TOP_DE_0_000000000000000$70$8TOP$910419$aORPH$bORPH$cKTS0$d2021-01-12$eKoopman$i44E27$l0$oTOP DE 0$p20126571$r2021-01-12 00:00:00$w2021-01-12$yBOO$OKoopman
=999  \\$d10432

