=LDR  01568cam a2200277u  4500
=001  10438
=005  20250121142126.0
=008  840120m19191920gw\\\\\\\\\\\\000\0\ger\\
=040  \\$aOI
=041  \\$ager
=100  \\$aRiemann, Hugo$d1849-1919$4aut$1http://www.wikidata.org/entity/Q213539$916448
=245  00$aL. van Beethovens sämtliche Klavier-Solosonaten:$bÄsthetische und formal-technische Analyse mit historischen Notizen
=260  \\$aBerlin$bHesse$c1919-20
=300  \\$a3 volumes (384+520+476 pages)$c19 cm
=600  \0$aBeethoven, Ludwig van$d1770-1827$1http://www.wikidata.org/entity/Q255$95335
=648  \0$a18th Century (1701-1800)$1http://www.wikidata.org/entity/Q7015$920899
=648  \0$a19th Century (1801-1900)$1http://www.wikidata.org/entity/Q6955$920935
=650  \0$aSonata$1http://www.wikidata.org/entity/Q131269$921653
=650  \0$aKeyboard music$1http://www.wikidata.org/entity/Q105715630$921412
=650  \0$aMusical analysis$1http://www.wikidata.org/entity/Q1544924$92775
=651  \0$aVienna (Austria)$1http://www.wikidata.org/entity/Q1741$920937
=942  \\$cBOO
=952  \\$00$10$2ddc$3vol. 1$40$6BIO_BEET_E$70$8BIO$910425$aORPH$bORPH$cKTS1_P$d2022-06-10$oBIO BEET e$p20129638$r2021-01-12 00:00:00$w2021-01-12$yBOO
=952  \\$00$10$2ddc$3vol. 2$40$6BIO_BEET_E$70$8BIO$910426$aORPH$bORPH$cKTS1_P$d2021-01-12$oBIO BEET e$p20129639$r2021-01-12 00:00:00$w2021-01-12$yBOO
=952  \\$00$10$2ddc$3vol. 3$40$6BIO_BEET_E$70$8BIO$910427$aORPH$bORPH$cKTS1_P$d2021-01-12$oBIO BEET e$p20129640$r2021-01-12 00:00:00$w2021-01-12$yBOO
=999  \\$d10438

