=LDR  01385cam a2200313 a 4500
=001  10446
=005  20250120120918.0
=008  980325s1998\\\\gw\a\\\\\b\\\\001\0\ger\d
=010  \\$a   98140245 
=020  \\$a350670625X
=035  \\$a(OCoLC)ocm38846502
=040  \\$aNYP$cNYP$dOHX$dGZM$dDLC
=043  \\$ae-it---
=100  \\$aRiepe, Juliane$913552
=245  14$aDie Arciconfraternita di S. Maria della Morte in Bologna :$bBeiträge zur Geschichte des italienischen Oratoriums im 17. und 18. Jahrhundert /$cJuliane Riepe.
=260  \\$aPaderborn :$bF. Schöningh,$c1998.
=300  \\$a604 p. :$bill. ;$c24 cm.
=490  \\$aBeiträge zur Geschichte der Kirchenmusik ;$vBd. 5
=504  \\$aIncludes bibliographical references (p. [565]-587) and index.
=610  \0$aArciconfraternita di S. Maria della Morte$91528
=648  \0$a17th Century (1601-1700)$1http://www.wikidata.org/entity/Q7016$920923
=650  \0$aOratorio$1http://www.wikidata.org/entity/Q85477$91825
=650  \0$aMonastery$926216
=650  \0$aMusic history$1http://www.wikidata.org/entity/Q846047$921373
=650  \0$aCatholicism$1http://www.wikidata.org/entity/Q1841$921631
=651  \0$aBologna (Italy)$1http://www.wikidata.org/entity/Q1891$921973
=942  \\$cBOO
=952  \\$00$10$40$70$910433$aORPH$bORPH$cLOC_UNK$d2021-01-12$l0$p20122455$r2021-01-12 00:00:00$w2021-01-12$yTYPE_UNK$OKoopman
=999  \\$d10446

