=LDR  01140nam a2200241   4500
=001  10460
=008  720906s1971\\\\-ukah\\\\b\\\\000\0\eng\\
=020  \\$a0852242026
=041  \\$aeng
=100  \\$aRipin, Edwin M.$4aut$913565
=245  00$aKeyboard instruments. Studies in Keyboard Organology
=260  \\$aEdinburgh$bEdinburgh University Press$c1971
=300  \\$avii-84 pages-61 pages plates
=504  \\$aIncludes bibliographical references.
=648  \0$a17th Century (1601-1700)$1http://www.wikidata.org/entity/Q7016$920923
=648  \0$a18th Century (1701-1800)$1http://www.wikidata.org/entity/Q7015$920899
=650  \0$aKeyboard instrument$1http://www.wikidata.org/entity/Q52954$92849
=650  \0$aOrganology$1http://www.wikidata.org/entity/Q899293$921400
=651  \0$aEurope$1http://www.wikidata.org/entity/Q46$991
=942  \\$cBOO
=952  \\$00$10$2ddc$40$6INS_3A$70$8INS$910447$aORPH$bORPH$cKTS0$d2021-01-12$oINS3a$p20129954$r2021-01-12 00:00:00$w2021-01-12$yBOO
=952  \\$00$10$2ddc$40$6INS_3A$70$8INS$920837$aORPH$bORPH$cKTS0$d2020-07-08$eKoopman$i20C16$l0$oINS3a$p20128098$r2021-10-26 00:00:00$w2021-10-26$yBOO
=999  \\$d10460

