=LDR  01069cam a22002654a 4500
=001  10462
=005  20250121142126.0
=008  050819s2006\\\\enkag\\\\b\\\\001\0\eng\\
=015  \\$aGBA627884$2bnb
=016  7\$a013415127$2Uk
=020  \\$a0754634663 (alk. paper)
=040  \\$aOI
=100  \\$aRyt︠s︡areva, M.$913567
=245  10$aEighteenth-century Russian music /$cMarina Ritzarev.
=246  3\$a18th century Russian music
=260  \\$aAldershot, England ;$aBurlington, VT :$bAshgate,$cc2006.
=300  \\$axxvii, 388 p. :$bill., music ;$c24 cm.
=504  \\$aIncludes bibliographical references (p. [349]-364) and index.
=650  \0$aMusic$92062
=856  \\$uhttp://www.loc.gov/catdir/toc/ecip0518/2005024441.html$3Table of contents
=942  \\$cBOO
=952  \\$00$10$40$70$910449$aORPH$bORPH$cLOC_UNK$d2021-01-12$l0$p20122451$r2021-01-12 00:00:00$w2021-01-12$yTYPE_UNK$OKoopman
=999  \\$c10462$d10462
=648  \0$a18th Century (1701-1800)$1http://www.wikidata.org/entity/Q7015$920899
=650  \0$aMusic history$1http://www.wikidata.org/entity/Q846047$921373

