=LDR  01069ccm a2200277 a 4500
=001  10469
=005  20250120120548.0
=008  980506s1997\\\\txuuuz\\\beghi\n\\\\\\\\d
=020  \\$a0918954657
=040  \\$aOI
=041  0\$geng
=100  \\$aRobinson, Thomas$dfl. 1589-1609$4cmp$913575
=245  10$aNew Citharen lessons (1609)
=260  \\$aWaco, TX$bBaylor University Press$c1997
=300  \\$aliii-184 pages$c28 cm
=500  \\$aIn tablature and modern notation.
=504  \\$aIncludes bibliographical references (p. xli-xliii).
=648  \0$a17th Century (1601-1700)$1http://www.wikidata.org/entity/Q7016$920923
=650  \0$aCittern$1http://www.wikidata.org/entity/Q1093290$923734
=650  \0$aTablature$1http://www.wikidata.org/entity/Q143217$93722
=651  \0$aUnited Kingdom$1http://www.wikidata.org/entity/Q21$9273
=700  \\$aColman, Alfredo$4edt$913576
=700  \\$aCasey, William$4edt$913577
=942  \\$cSCO
=952  \\$00$10$40$70$8SCO$910456$aORPH$bORPH$cKTS1_P$d2021-01-12$l0$p20124282$r2021-01-12 00:00:00$w2021-01-12$ySCO$OW.2232
=999  \\$d10469

