=LDR  01106cam a22002414a 4500
=001  10480
=005  20250120120102.0
=008  040116s2003\\\\fr\ab\\\\bk\\\000\0dmul\\
=041  0\$afre$aita
=245  10$aOrgues historiques des vallées de la Roya et de la Bévéra.$bOrgani storici delle valli Roya e Bevera 
=260  \\$aBreil-sur-Roya$bEditions du Cabri$c2003
=300  \\$a207 pages$bill. (chiefly col.), 1 col. map $c32 cm
=504  \\$aIncludes bibliographical references (p. 206-207) and discography (p. 207).
=546  \\$aFrench and Italian.
=650  \0$aOrgan$1http://www.wikidata.org/entity/Q1444$92810
=650  \0$aOrganology$1http://www.wikidata.org/entity/Q899293$921400
=651  \0$aFrance$1http://www.wikidata.org/entity/Q142$9131
=651  \0$aItaly$1http://www.wikidata.org/entity/Q38$922
=700  \\$aSaorgin, René$d1928-2015$4aut$913588
=700  \\$aRodi, Silvano$4aut$913587
=942  \\$cBOO
=952  \\$00$10$2ddc$40$6INS_3_000000000000000_1A_IT$70$8INS$910467$aORPH$bORPH$cKTS0$d2021-01-12$eKoopman$i30C22$oINS3.1a IT$p20121215$r2021-01-12 00:00:00$w2021-01-12$yBOO
=999  \\$d10480

