=LDR  00693aam a2200181   4500
=001  10481
=008  250217s2001\\\\|||oa|||\||||\00|\0\ger\d
=020  \\$a3898700291
=041  \\$ager
=100  \\$aRoeder, U.$913589
=245  \\$aJohannes a Lasco Bibliothek, Große Kirche Emden.$bEin Führer durch Bibliothek und Gebäude
=260  \\$c2001$aLindenberg$bFink
=300  \\$a72 pages
=650  \0$aLibrary$1http://www.wikidata.org/entity/Q7075$94229
=651  \0$aEmden (Germany)$939702
=942  \\$cBOO
=952  \\$00$10$2ddc$40$6BIB_4_000000000000000_DE_EMD$70$8BIB$910468$aORPH$bORPH$cKTS0$d2021-01-12$eKoopman$i33E65$l0$oBIB4 DE.EMD$p20130319$r2021-01-12 00:00:00$w2021-01-12$yBOO$OKoopman
=999  \\$d10481

