=LDR  00314    a2200109   4500
=001  10482
=100  \\$aRoefs, V. J.$913590
=245  \\$aVerborgen Kunst
=260  \\$c1948
=942  \\$cBOO
=952  \\$00$10$40$70$910469$aORPH$bORPH$cLOC_UNK$d2021-01-12$l0$p20121126$r2021-01-12 00:00:00$w2021-01-12$yTYPE_UNK$OKoopman
=999  \\$c10482$d10482

