=LDR  00444    a2200121   4500
=001  10484
=041  \\$ager
=245  \\$aDer Takstock.$bDirigenten erzählen von ihrem Instrument.
=260  \\$aVienna$bPaul Zsolnay$c2000
=300  \\$a191 pages
=942  \\$cBOO$2ddc
=952  \\$00$10$2ddc$40$6MTP_2_000000000000000_ROEL$70$8MTP$910471$aORPH$bORPH$cKM12_1$d2021-01-12$eKoopman$i31E11$l0$oMTP 2 ROEL$p20123221$r2021-01-12 00:00:00$w2021-01-12$yBOO
=999  \\$c10484$d10484

