=LDR  00882cam a2200229 a 4500
=001  10490
=005  20250120120015.0
=008  830922s1984\\\\nyu\\\\\\\\\\\000\0\eng\\
=020  \\$a0394529049 :$c$19.95
=020  \\$a0394713400 (pbk.) :$c$11.95
=040  \\$aOI
=100  \\$aFoucault, Michel$d1926-1984$1http://www.wikidata.org/entity/Q44272$915787
=245  14$aThe Foucault reader /$cedited by Paul Rabinow.
=250  \\$a1st ed.
=260  \\$aNew York :$bPantheon Books,$cc1984.
=300  \\$aviii, 389 p. ;$c21 cm.
=650  \0$aPhilosophy$1http://www.wikidata.org/entity/Q5891$92357
=700  \\$aRabinow, Paul.$913600
=856  \\$uhttp://www.loc.gov/catdir/description/random046/83019510.html$3Publisher description
=942  \\$cBOO
=952  \\$00$10$2ddc$40$70$8PHI$910477$aORPH$bORPH$cKM12_3_2$d2021-01-12$l0$p20125192$r2021-01-12 00:00:00$w2021-01-12$yBOO
=999  \\$c10490$d10490

