=LDR  01061aam a2200217   4500
=001  10492
=008  250910s1991\\\\|||a||||\||||\00|\0\eng\d
=020  \\$a085628128X
=041  \\$aeng
=100  \\$aRogers, David$d1917-1995$1http://www.wikidata.org/entity/Q106606199$913602
=245  \\$aThe Bodleian Library and its Treasures 1320-1700
=260  \\$c1991$aHenley on Thames$aOxford$bEllis$bBodleian Libray
=300  \\$a176 pages
=610  \0$aBodleian Library (Oxford, United Kingdom)$1http://www.wikidata.org/entity/Q82133$926781
=648  \0$aRenaissance (1400-1600)$1http://www.wikidata.org/entity/Q4692$920965
=648  \0$a17th Century (1601-1700)$1http://www.wikidata.org/entity/Q7016$920923
=650  \0$aLibrary$1http://www.wikidata.org/entity/Q7075$94229
=651  \0$aOxford (United Kingdom)$1http://www.wikidata.org/entity/Q34217$922237
=942  \\$cBOO
=952  \\$00$10$2ddc$40$6BIB_4_000000000000000_GB_OXF$70$8BIB$910479$aORPH$bORPH$cKTS0$d2021-01-12$eKoopman$i20A38$l0$oBIB4 GB.OXF$p20128013$r2021-01-12 00:00:00$w2021-01-12$yBOO$OKoopman
=999  \\$d10492

