=LDR  00346    a2200109   4500
=001  10505
=100  \\$aRoman, Johan Helmich$d1694-1758$4cmp$911488
=245  \\$aAssaggi à Violino Solo
=260  \\$c1958
=942  \\$cSCO
=952  \\$00$10$40$70$8SCO$910492$aORPH$bORPH$cKTS1_P$d2021-01-12$l0$p20121827$r2021-01-12 00:00:00$w2021-01-12$ySCO$OW.1312/1
=999  \\$c10505$d10505

