=LDR  00346    a2200121   4500
=001  10507
=020  \\$a9783895085932
=100  \\$aRomanelli, Giandomenico$913613
=245  \\$aVenice
=260  \\$c1997
=942  \\$cBOO
=952  \\$00$10$40$70$910494$aORPH$bORPH$cLOC_UNK$d2021-01-12$l0$p20125537$r2021-01-12 00:00:00$w2021-01-12$yTYPE_UNK$OKoopman
=999  \\$c10507$d10507

