=LDR  00802cam a22002291  4500
=001  10510
=005  20211001160119.0
=008  790118s1971\\\\ne\a\\\\\b\\\\000\0cdut\\
=015  \\$aNe 71-45
=020  \\$a9021420287
=040  \\$aOI
=100  1\$aRomein, Jan,$d1893-1962.
=245  10$aErflaters van onze beschaving.$bNederlandse gestalten uit zes eeuwen.$c[Door] Jan en Annie Romein.
=250  \\$a[9e, herz. en bijgew. dr.]
=260  \\$aAmsterdam,$bQuerido,$c1971.
=300  \\$a895 p.$bwith illus.$c25 cm.
=504  \\$aBibliography: p. 885-895.
=651  \0$aNetherlands$vBiography.
=700  2\$aRomein-Verschoor, Anna,$ejoint author.
=952  \\$00$10$40$70$910497$aORPH$bORPH$cLOC_UNK$d2021-01-12$l0$p20120270$r2021-01-12 00:00:00$w2021-01-12$yTYPE_UNK$OKoopman
=999  \\$c10510$d10510
=942  \\$cBOO

