=LDR  00334    a2200109   4500
=001  10512
=100  \\$aRomijn, Clemens$913617
=245  \\$aDe muziekbibliotheek van kasteel
=260  \\$c2001
=942  \\$cBOO
=952  \\$00$10$40$70$910499$aORPH$bORPH$cLOC_UNK$d2021-01-12$l0$p20120446$r2021-01-12 00:00:00$w2021-01-12$yTYPE_UNK$OKoopman
=999  \\$c10512$d10512

