=LDR  00450    a2200145   4500
=001  10524
=005  20230123095323.0
=041  \\$adut
=100  \\$aRooijen, M. van$4aut$913622
=245  \\$aMuziek in het duister
=260  \\$c1988
=300  \\$a32 pages
=942  \\$cBOO$2ddc
=952  \\$00$10$2ddc$40$6GEN_18_000000000000000$70$8GEN$910511$aORPH$bORPH$cKM12_1$d2021-01-12$eKoopman$i22C23$l0$oGEN 18$p20125708$r2021-01-12 00:00:00$w2021-01-12$yBOO
=999  \\$c10524$d10524

