=LDR  00763cam a22002054a 4500
=001  10534
=005  20211001160119.0
=008  050803s2005\\\\ne\a\\\\\b\\\\001\0\dut\\
=020  \\$a9077503188
=040  \\$aOI
=100  1\$aRosendaal, J. G. M. M.,$d1963-
=245  13$aDe Nederlandse Revolutie :$bvrijheid, volk en vaderland, 1783-1799 /$cJoost Rosendaal.
=260  \\$aNijmegen :$bVantilt,$cc2005.
=300  \\$a256 p. :$bill. ;$c22 cm.
=504  \\$aIncludes bibliographical references (p. 251-252) and index.
=651  \0$aNetherlands$xHistory$y1714-1795.
=651  \0$aNetherlands$xHistory$y1795-1815.
=952  \\$00$10$40$70$910521$aORPH$bORPH$cLOC_UNK$d2021-01-12$l0$p20121201$r2021-01-12 00:00:00$w2021-01-12$yTYPE_UNK$OKoopman
=999  \\$c10534$d10534
=942  \\$cBOO

