=LDR  01556cam a22003014a 4500
=001  10537
=005  20251003085458.0
=008  041105s2002\\\\gw\agdh\\bc\\\001\0dger\c
=041  \\$ager
=100  \\$aRosenmüller, Annegret$d-1967$4aut$913637
=245  14$aDie Überlieferung der Clavierkonzerte in der Königlichen Privatmusikaliensammlung zu Dresden im letzten Drittel des 18. Jahrhunderts
=260  \\$aEisenach$bWagner$c2002
=300  \\$a428 pages
=490  \\$aSchriften zur mitteldeutschen Musikgeschichte$v5
=500  \\$aOriginally presented as the author's thesis (Ph. D.)--Technische Universität Dresden, 2000.
=504  \\$a"Quellenkatalog": p. [229]-378.
=504  \\$aIncludes bibliographical references (p. 386-413) and index.
=610  \0$aSächsische Landesbibliothek (Dresden, Germany)$91585
=648  \0$a18th Century (1701-1800)$1http://www.wikidata.org/entity/Q7015$920899
=650  \0$aCatalogue$1http://www.wikidata.org/entity/Q2352616$921484
=650  \0$aDirectory$1http://www.wikidata.org/entity/Q70326023$939358
=650  \0$aConcerto$1http://www.wikidata.org/entity/Q9748$921817
=650  \0$aKeyboard music$1http://www.wikidata.org/entity/Q105715630$921412
=650  \0$aMusic history$1http://www.wikidata.org/entity/Q846047$921373
=651  \0$aDresden (Germany)$1http://www.wikidata.org/entity/Q1731$947
=942  \\$cBOO
=952  \\$00$10$2ddc$40$6TOP_DE_DRES_5_000000000000000$70$8TOP$910524$aORPH$bORPH$cKTS0$d2021-01-12$eKoopman$i37A09$l0$oTOP DE.DRES 5$p20120627$r2021-01-12 00:00:00$w2021-01-12$yBOO
=999  \\$d10537

