=LDR  01573cam a2200313 i 4500
=001  10540
=008  180723s2019\\\\\\\\\\\\|b\\\\001\0\eng\|
=041  \\$ager
=100  \\$aRoske, Michael$4aut$939674
=245  04$aSozialgeschichte des privaten Musiklehrers vom 17. zum 19. Jahrhundert
=264  \1$aMainz$bSchott$c1985
=300  \\$a424 pages
=490  \\$aMusikpädagogik Forschung und Lehre$v22
=500  \\$aDissertationsarbeit an der Johann Wolfgang Goethe-Universität Frankfurt am Main, Juni 1982
=504  \\$aIncludes bibliographical references and index.
=590  \\$amit Dokumentation
=648  \0$a17th Century (1601-1700)$1http://www.wikidata.org/entity/Q7016$920923
=648  \0$a18th Century (1701-1800)$1http://www.wikidata.org/entity/Q7015$920899
=648  \0$a19th Century (1801-1900)$1http://www.wikidata.org/entity/Q6955$920935
=650  \0$aMusic teacher$1http://www.wikidata.org/entity/Q16145150$93068
=650  \0$aEducation$1http://www.wikidata.org/entity/Q8434$926206
=650  \0$aMusic education$1http://www.wikidata.org/entity/Q27908$921766
=650  \0$aCultural history$1http://www.wikidata.org/entity/Q858517$922395
=650  \0$aSociology$1http://www.wikidata.org/entity/Q21201$924938
=650  \0$aTeaching$1http://www.wikidata.org/entity/Q352842$923444
=651  \0$aGermany$1http://www.wikidata.org/entity/Q183$9155
=942  \\$cBOO
=952  \\$00$10$2ddc$40$6TOP_DE_5_000000000000000$70$8TOP$910527$aORPH$bORPH$cKTS0$d2021-01-12$eKoopman$i41D18$l0$oTOP DE 5$p20120153$r2021-01-12 00:00:00$w2021-01-12$yBOO$OKoopman
=999  \\$d10540

