=LDR  01116aca a2200205   4500
=001  10549
=008  210927s1999\\\\\\\||l||\||||\00|\0dita\d
=041  \\$aita
=100  \\$aRossini, Gioacchino$d1792-1868$4cmp$96192
=245  \\$aIl viaggio a Reims, ossia L'Albergo del Giglio d'Oro.$bDramma giocoso in un atto
=260  \\$aMilan$bFondazione Rossini Pesaro$c1999
=490  \\$aEdizione critica delle opere di Gioachino Rossini, sezione prima: Opere teatrali$v35
=648  \0$a19th Century (1801-1900)$1http://www.wikidata.org/entity/Q6955$920935
=650  \0$aOpera$1http://www.wikidata.org/entity/Q1344$92468
=700  \\$4edt$aJohnson, Janet L.$922295
=942  \\$cSCO
=952  \\$00$10$2ddc$3Commento critico$40$6BIO_ROSS2_A$70$8BIO$910536$aORPH$bORPH$cKTS1_P$d2020-07-08$eKoopman$i35A16$oBIO ROSS2 a$p20122541$r2021-01-12 00:00:00$w2021-01-12$yBOO
=952  \\$00$10$40$70$8SCO$910540$aORPH$bORPH$cKTS1_P$d2021-01-12$l0$p20124287$r2021-01-12 00:00:00$w2021-01-12$ySCO$OW.2157-1
=952  \\$00$10$40$70$8SCO$910541$aORPH$bORPH$cKTS1_P$d2021-01-12$l0$p20124286$r2021-01-12 00:00:00$w2021-01-12$ySCO$OW.2157-2
=999  \\$d10549

