=LDR  01060pcm a2200241 a 4500
=001  10550
=005  20250120120355.0
=008  940125r1994\\\\nyuova\\\\\\\\\n\\\\\\\\\
=020  \\$a0486281493
=040  \\$aOI
=100  \\$aRossini, Gioacchino$d1792-1868$4cmp$96192
=240  10$9864$aOvertures.$kSelections
=245  10$aWilliam Tell and other overtures /$cGioacchino Rossini.
=254  \\$aIn full score.
=260  \\$aNew York :$bDover Publications,$c1994.
=300  \\$a1 score (216 p.) ;$c31 cm.
=500  \\$aReprint of eds. published by Breitkopf & Härtel.
=505  0\$aOverture to Guillaume Tell -- Overture to La gazza ladra -- Overture to La scala di seta -- Overture to Il signor Bruschino -- Overture to Semiramide.
=650  \0$aOverture$1http://www.wikidata.org/entity/Q202287$921591
=856  \\$uhttp://www.loc.gov/catdir/enhancements/fy1011/94005140-d.html$3Publisher description
=942  \\$cSCO
=952  \\$00$10$40$70$8SCO$910537$aORPH$bORPH$cKTS1_P$d2021-01-12$l0$p20121692$r2021-01-12 00:00:00$w2021-01-12$ySCO$OW.0198
=999  \\$c10550$d10550

