=LDR  01026pcm a2200265 a 4500
=001  10551
=005  20250120120355.0
=008  940628r19941841nyuuua\\\d\\\\\n\\\\lat\\
=020  \\$a0486283437
=040  \\$aOI
=041  1\$alat$elateng$hlat
=100  \\$aRossini, Gioacchino$d1792-1868$4cmp$96192
=240  10$9865$aStabat Mater,$rG minor
=245  00$aStabat Mater /$cGioacchino Rossini.
=254  \\$aIn full score.
=260  \\$aNew York :$bDover,$c1994.
=300  \\$a1 score (109 p.) ;$c32 cm.
=500  \\$aFor SSTB soloists, SATB chorus, and orchestra.
=500  \\$aLatin words also printed as text with English translation.
=500  \\$aReprint. Originally published: Mayence : B. Schott's Söhne, 1841.
=650  \0$aChoral music$1http://www.wikidata.org/entity/Q1076513$94368
=650  \0$aStabat Mater$1http://www.wikidata.org/entity/Q210080$93713
=942  \\$cSCO
=952  \\$00$10$40$70$8SCO$910538$aORPH$bORPH$cKTS1_P$d2021-01-12$l0$p20121691$r2021-01-12 00:00:00$w2021-01-12$ySCO$OW.0199
=999  \\$c10551$d10551

