=LDR  01315pcm a2200301 a 4500
=001  10552
=005  20250120120355.0
=008  890224r1989\\\\nyuopa\\\\\\\\\n\\\\ita\\
=020  \\$a0486260194$c$15.95
=040  \\$aOI
=100  \\$aRossini, Gioacchino$d1792-1868$4cmp$96192
=240  10$9866$aBarbiere di Siviglia
=245  14$aThe barber of Seville /$cGioacchino Rossini.
=254  \\$aIn full score.
=260  \\$aNew York :$bDover Publications,$c1989.
=300  \\$a1 score (432 p.) ;$c29 cm.
=500  \\$aOpera.
=500  \\$aItalian words.
=500  \\$aLibretto by Cesare Sterbini, based on: Le barbier de Séville / Beaumarchais.
=500  \\$aReprint. Originally published: Milan : G. Ricordi.
=650  \0$aOpera$1http://www.wikidata.org/entity/Q1344$92468
=700  \\$4lbt$aSterbini, Cesare,$d1784-1831.$913650
=700  \\$aBeaumarchais, Pierre-Augustin Caron de$d1732-1799$1http://www.wikidata.org/entity/Q70326$95190
=856  \\$uhttp://www.loc.gov/catdir/description/dover032/89750898.html$3Publisher description
=856  \\$uhttp://www.loc.gov/catdir/enhancements/fy1511/89750898-b.html$3Contributor biographical information
=942  \\$cSCO
=952  \\$00$10$40$70$8SCO$910539$aORPH$bORPH$cKTS1_P$d2021-01-12$l0$p20124084$r2021-01-12 00:00:00$w2021-01-12$ySCO$OW.1135
=999  \\$c10552$d10552

