=LDR  01522cam a2200277 a 4500
=001  10560
=005  20250120120001.0
=008  030721s2002\\\\it\a\\\\\bc\\f001\0\ita\\
=020  \\$a8871252349
=040  \\$aOI
=100  \\$aRostirolla, Giancarlo$913655
=245  12$aL'Archivio musicale della Basilica di San Giovanni in Laterano :$bcatalogo dei manoscritti e delle edizioni (secc. XVI-XX) /$ca cura di Giancarlo Rostirolla ; introduzione di Wolfgang Witzenmann.
=260  \\$aRome$bMinistero per i beni e le attività culturali, Direzione generale per gli archivi :$bVendita, Istituto poligrafico e Zecca dello Stato, Libreria dello Stato,$c2002.
=300  \\$a2 v. (lxi, 1376 p.) :$bill. ;$c24 cm.
=490  1\$aPubblicazioni degli archivi di Stato. Strumenti ;$v153
=500  \\$aAt head of title: Istituto di bibliografia musicale (I.BI.MUS).
=504  \\$aIncludes bibliographical references (p. [xliii]-xlix) and index.
=610  \0$aBasilica di S. Giovanni in Laterano (Rome, Italy)$91533
=650  \0$aMusic$92062
=650  \0$aManuscript$1http://www.wikidata.org/entity/Q87167$92275
=710  \\$aBasilica di S. Giovanni in Laterano (Rome, Italy)$91533
=710  \\$aIstituto di bibliografia musicale (Rome, Italy)$91534
=942  \\$cBOO
=952  \\$00$10$40$70$910546$aORPH$bORPH$cLOC_UNK$d2021-01-12$l0$p20122024$r2021-01-12 00:00:00$w2021-01-12$yTYPE_UNK$OKoopman
=952  \\$00$10$40$70$910547$aORPH$bORPH$cLOC_UNK$d2021-01-12$l0$p20122023$r2021-01-12 00:00:00$w2021-01-12$yTYPE_UNK$OKoopman
=999  \\$d10560

