=LDR  01136aam a2200265   4500
=001  10568
=005  20250922164402.0
=008  250922s1995\\\\|||aoec|\b|||\001\0\eng\d
=041  \\$aeng
=245  \\$aHam House, Surrey
=260  \\$c1995$aLondon$bNational Trust
=300  \\$a80 pages
=610  \0$aHam House (London)$1http://www.wikidata.org/entity/Q1572552$941319
=650  \0$aArchitecture$1http://www.wikidata.org/entity/Q12271$93185
=650  \0$aFine art$1http://www.wikidata.org/entity/Q219625$921579
=650  \0$aInterior design$1http://www.wikidata.org/entity/Q179232$921367
=650  \0$aApplied arts$1http://www.wikidata.org/entity/Q2865882$921627
=650  \0$aNobility$1http://www.wikidata.org/entity/Q134737$93602
=651  \0$aLondon (United Kingdom)$1http://www.wikidata.org/entity/Q84$9123
=700  \\$aRowell, Christopher$4aut$913667
=700  \\$aMoore, Cathal$4aut$941320
=700  \\$aStrachey, Nino$4aut$941321
=942  \\$cBOO
=952  \\$00$10$2ddc$40$6TOP_GB_LON$70$8TOP$910555$aORPH$bORPH$cKTS0$d2021-01-12$eKoopman$i21F43$l0$oTOP GB.LON$p20125532$r2021-01-12 00:00:00$w2021-01-12$yBOO$OKoopman
=999  \\$d10568

