=LDR  01126aam a2200217   4500
=001  10587
=008  230307s1963\\\\|||d||||\||||\00|\0dger\d
=041  \\$ager
=100  \\$aRuhnke, Martin$d1921-2004$1http://www.wikidata.org/entity/Q28505836$914685$4aut
=245  \\$aBeiträge zu einer Geschichte der deutschen Hofmusikkollegien im 16. Jahrhundert
=260  \\$c1963$aBerlin$bMerseburger
=300  \\$a346 pages
=500  \\$aIn addition to an extensive appreciation of the court music of Wolfenbüttel (up to p. 132), the author also discusses the numerous other 'Hofmusikkollegien' in Germany and Austria.
=648  \0$a16th Century (1501-1600)$1http://www.wikidata.org/entity/Q7017$920944
=650  \0$aMusic history$1http://www.wikidata.org/entity/Q846047$921373
=650  \0$aCourt$922191
=650  \0$aMusician$1http://www.wikidata.org/entity/Q639669$93574
=651  \0$aGermany$1http://www.wikidata.org/entity/Q183$9155
=942  \\$cBOO
=952  \\$00$10$2ddc$40$6TOP_DE_4_000000000000000$70$8TOP$910574$aORPH$bORPH$cKTS0$d2021-01-12$eKoopman$l0$oTOP DE 4$p20125372$r2021-01-12 00:00:00$w2021-01-12$yBOO$OKoopman
=999  \\$d10587

