=LDR  01650cam a2200361 a 4500
=001  10590
=005  20250120115737.0
=008  991109m19982002it\ah\\\\bc\\a001\0\ita\d
=010  \\$a   00417757 
=020  \\$a8877020830 (v. 1)
=020  \\$z8886603510 (v. 2)
=035  \\$a(OCoLC)ocm42931590
=040  \\$aHMU$cHMU$dDLC
=042  \\$alccopycat
=043  \\$ae-it---
=110  2\$aBiblioteca musicale L. Feininger.
=245  12$aI manoscritti liturgici della Biblioteca musicale L. Feininger presso il Castello del Buonconsiglio di Trento :$bcatalogo /$cdi Cesarino Ruini ; premessa di Giulio Cattin.
=260  \\$aTrento :$bProvincia autonoma di Trento, Servizio beni librari e archivistici,$c1998-2002.
=300  \\$a2 v. :$bill. (some col.), facsims. ;$c29 cm.
=504  \\$aIncludes bibliographical references and indexes.
=610  20$aBiblioteca musicale L. Feininger$vCatalogs.
=610  20$aCatholic Church$xLiturgy$vCatalogs.
=650  \0$aSacred vocal music$vCatalogs.
=650  \0$aMusic$xManuscripts$zItaly$zTrento$vCatalogs.
=700  1\$aRuini, Cesarino.
=710  2\$aCastello del Buonconsiglio (Trento, Italy)
=710  1\$aTrento (Italy : Province).$bServizio beni librari e archivistici.
=952  \\$00$10$2ddc$40$70$8BIB$910576$aORPH$bORPH$cKTS0$d2021-01-12$eKoopman$l0$p20120563$r2021-01-12 00:00:00$w2021-01-12$yBOO
=952  \\$00$10$2ddc$40$70$8BIB$910577$aORPH$bORPH$cKTS0$d2021-01-12$eKoopman$l0$p20120562$r2021-01-12 00:00:00$w2021-01-12$yBOO
=999  \\$c10590$d10590
=490  \\$aPatrimonio storico e artistico del Trentino ;$v21, 25
=651  \0$aItaly$1http://www.wikidata.org/entity/Q38$922
=942  \\$cBOO

