=LDR  01825cam a2200253 a 4500
=001  10620
=005  20250122163354.0
=008  900201s1989\\\\gw\a\\\\\b\\\\010\0\ger\\
=020  \\$a3890071996
=040  \\$aOI
=100  \\$4dte$aKomma, Karl Michael$913711
=245  00$aMusik als Schöpfung und Geschichte.$bFestschrift Karl Michael Komma zum 75. Geburtstag
=260  \\$aLaaber$bLaaber-Verlag$c201278791989
=300  \\$a240 pages$bill. ;$c24 cm.
=504  \\$a"Werkverzeichnis Karl Michael Komma": p. [227]-240.
=504  \\$aIncludes bibliographical references.
=505  0\$aNachtviolen / Peter Brömse -- Die Kanons in Marco Scacchis Cribrum Musicum (1643) / Wolfgang Budday -- Musik in Böhmen / Georg von Dadelsen -- Über bassbezogene Harmonie / Heinrich Deppert -- Hindemiths Kompositionen für eine Singstimme und Instrumente / Reinhard Gerlach -- Beobachtungen zur Formkunst Mörikes / Ulrich Hötzer -- Kompositionstechnische und ästhetische Aspekte der Sonatine für Klavier (1. Satz) von Maurice Ravel / Thomas Kabisch -- Ein slawischer Musiker / Joachim Kaiser -- Einige Aspekte und Möglichkeiten, musikalische Zeit zu komponieren / Erhard Karkoschka -- Die neueren Musikhandschriften der Königlichen Hofbibliothek / Waltraud Lindner -- Zum Spätwerk Béla Bartóks im Verhältnis zum Gesamtwerk / Peter Rummenhöller -- Der Körper als Instrument der Musik / Jürgen Uhde & Renate Wieland.
=600  \0$aKomma, Karl Michael$913711
=650  \0$aMusic history$1http://www.wikidata.org/entity/Q846047$921373
=700  \\$aDeppert, Heinrich$4edt$910457
=700  \\$aGerlach, Reinhard$d1934-$4edt$913712
=942  \\$cBOO
=952  \\$00$10$2ddc$40$6REF_4_000000000000000_KOMM$70$8REF$910607$aORPH$bORPH$cKM12_1$d2021-01-12$eKoopman$i19C45$oREF4 KOMM$p20127879$r2021-01-12 00:00:00$w2021-01-12$yBOO
=999  \\$d10620

