=LDR  01704cam a2200325 i 4500
=001  10629
=005  20251003085458.0
=008  741031r19731814ne\\\\\\\bc\\\000\0\eng\\
=020  \\$a9060272617
=040  \\$aOI
=041  \\$aeng
=100  \\$aBurney, Charles$d1726-1814$4col$1http://www.wikidata.org/entity/Q547002$910020
=245  00$aCatalogue of the Music Library of Charles Burney, Sold in London, 8 August 1814
=260  \\$aAmsterdam$bKnuf$c1973
=300  \\$axi-42 pages
=490  1\$aAuction Catalogues of Music$v2
=500  \\$a"Reproduced from the copy in the British Museum (pressmark S.C. 1076(1))."
=534  \\$aOriginally published in 1814
=590  \\$aThe late Dr. Burney's musical library. A catalogue of the valuable and very fine collection of music, printed and ms., of the late Charles Burney ... which will be sold by auction by Mr. White ... on Monday, the 8th of August, 1814 ... 
=648  \0$a18th Century (1701-1800)$1http://www.wikidata.org/entity/Q7015$920899
=650  \0$aCatalogue$1http://www.wikidata.org/entity/Q2352616$921484
=650  \0$aAuction$1http://www.wikidata.org/entity/Q177923$93849
=650  \0$aLibrary$1http://www.wikidata.org/entity/Q7075$94229
=650  \0$aCollecting$1http://www.wikidata.org/entity/Q208165$92117
=650  \0$aBibliography$1http://www.wikidata.org/entity/Q134995$93965
=651  \0$aLondon (United Kingdom)$1http://www.wikidata.org/entity/Q84$9123
=700  \\$aKing, A. Hyatt$d1911-1995$4win$913716
=942  \\$cBOO
=952  \\$00$10$2ddc$40$6BIB_4_000000000000000_GB_LON_BURN$70$8BIB$910616$aORPH$bORPH$cKTS1_P$d2021-01-12$eKoopman$i21E24$l0$oBIB4 GB.LON BURN$p20125464$r2021-01-12 00:00:00$w2021-01-12$yBOO
=999  \\$d10629

