=LDR  00338    a2200109   4500
=001  10661
=100  \\$as.n.$913703
=245  \\$aDe stad Delft. Cultuur en maatschappij tot 1572
=260  \\$cs.d.
=942  \\$cBOO
=952  \\$00$10$40$70$910648$aORPH$bORPH$cLOC_UNK$d2021-01-12$l0$p20121105$r2021-01-12 00:00:00$w2021-01-12$yTYPE_UNK$OKoopman
=999  \\$c10661$d10661

