=LDR  00334    a2200109   4500
=001  10674
=100  \\$as.n.$913703
=245  \\$aIndici e sussidi bibliografici della biblio
=260  \\$c1998
=942  \\$cBOO
=952  \\$00$10$40$70$910661$aORPH$bORPH$cLOC_UNK$d2021-01-12$l0$p20120833$r2021-01-12 00:00:00$w2021-01-12$yTYPE_UNK$OKoopman
=999  \\$c10674$d10674

