=LDR  00337    a2200097   4500
=001  10678
=100  \\$as.n.$913703
=245  \\$aKomponistinnen aus drei jahrhunderten
=942  \\$cBOO
=952  \\$00$10$2ddc$40$6GHM_0_000000000000000$70$8GHM$910665$aORPH$bORPH$cKM12_1$d2021-01-12$l0$oGHM 0$p20130306$r2021-01-12 00:00:00$w2021-01-12$yTYPE_UNK
=999  \\$c10678$d10678

