=LDR  00385aam a2200121   4500
=001  10690
=008  250602s2000\\\\||||||||\||||\00|\0\dut\d
=041  \\$adut
=245  \\$aMozart:$bDie Zauberflöte
=260  \\$c2000
=942  \\$cBOO
=952  \\$00$10$2ddc$40$6BIO_MOZA1_E$70$8BIO$910677$aORPH$bORPH$cKTS1_P$d2021-01-12$l0$oBIO MOZA1 e$p20130050$r2021-01-12 00:00:00$w2021-01-12$yBOO$OThwaites
=999  \\$d10690

