=LDR  00338    a2200109   4500
=001  10692
=100  \\$as.n.$4aut$913703
=245  \\$aGedenkboek Jef Denyn
=260  \\$c1947
=942  \\$cBOO
=952  \\$00$10$2ddc$40$6BIO_DENY_D$70$8BIO$910679$aORPH$bORPH$cKTS1_P$d2021-01-12$oBIO DENY d$p20129645$r2021-01-12 00:00:00$w2021-01-12$yBOO$OHuys
=999  \\$c10692$d10692

