=LDR  00357    a2200109   4500
=001  10693
=100  \\$as.n.$4cmp$913703
=245  \\$aSonatas Barrocas Archivo Musical Vol. II Violin I, Violin II
=260  \\$c2006
=942  \\$cSCO
=952  \\$00$10$40$70$8SCO$910680$aORPH$bORPH$cKTS1_P$d2021-01-12$l0$p20121841$r2021-01-12 00:00:00$w2021-01-12$ySCO$OW.2360 II
=999  \\$c10693$d10693

