=LDR  00359    a2200109   4500
=001  10695
=100  \\$as.n.$4cmp$913703
=245  \\$aSonatas Barrocas Archivo Musical Vol. III Violin I, Violin II
=260  \\$c2006
=942  \\$cSCO
=952  \\$00$10$40$70$8SCO$910682$aORPH$bORPH$cKTS1_P$d2021-01-12$l0$p20121839$r2021-01-12 00:00:00$w2021-01-12$ySCO$OW.2360 III
=999  \\$c10695$d10695

