=LDR  00357    a2200109   4500
=001  10697
=100  \\$as.n.$4cmp$913703
=245  \\$aSonatas Barrocas Archivo Musical Vol. IV Violin I, Violin II
=260  \\$c2006
=942  \\$cSCO
=952  \\$00$10$40$70$8SCO$910684$aORPH$bORPH$cKTS1_P$d2021-01-12$l0$p20121837$r2021-01-12 00:00:00$w2021-01-12$ySCO$OW.2360 IV
=999  \\$c10697$d10697

