=LDR  02349ccm a22004094a 4500
=001  10698
=005  20250121142126.0
=008  070419s2006\\\\bo\tsa|\\\\\\\\\\\|\zxx\\
=020  \\$a9990511608 (set)
=020  \\$a9990511616 (v. 1)
=020  \\$a9990511624 (v. 2)
=020  \\$a9990511632 (v. 3)
=020  \\$a9990511640 (v. 4)
=020  \\$a9990511659 (v. 5)
=040  \\$aOI
=041  \\$aspa
=100  \\$4edt$aNawrot, Piotr$99134
=245  00$aSonatas barrocas:$bArchivo Musical de Chiquitos. Para dos violines y continuo
=250  \\$a1st ed.
=260  \\$aCochabamba$bEditorial Verbo Divino$aSanta Cruz de la Sierra$bAPAC$c2006
=300  \\$a1 score (5 v.) + 3 parts (19 v. in 5) ;$c30 cm.
=490  0\$aColección Monuménta música$v15-19
=500  \\$aPrincipally anonymous; no. 7 attributed to Nicolò Jommelli; no. 9 attributed to Ignazio Balbi; no. 10 by Pietro Locatelli; no. 13 attributed to Giovanni Battista Sammartini.
=505  0\$av. 1. (C) I-III -- v. 2. (C) IV-VII -- v. 3. (C) VIII-XI -- v. 4. (C) XII-XV -- v. 5. (C) XVI-XIX.
=648  \0$a18th Century (1701-1800)$1http://www.wikidata.org/entity/Q7015$920899
=650  \0$aTrio sonata$1http://www.wikidata.org/entity/Q903425$921654
=700  \\$aJommelli, Niccolò$d1714-1774$4att$1http://www.wikidata.org/entity/Q312891$94785
=700  \\$aBalbi, Ignazio$d1696-1773$4att$1http://www.wikidata.org/entity/Q3792299$921806
=700  \\$aLocatelli, Pietro Antonio$d1695-1764$4att$1http://www.wikidata.org/entity/Q702722$912443
=700  \\$aSammartini, Giovanni Battista$d1700/01-1775$4att$1http://www.wikidata.org/entity/Q217435$913764
=942  \\$cSCO
=952  \\$00$10$40$70$8SCO$95455$aORPH$bORPH$cKTS1_P$d2020-07-08$eKoopman$l0$p20121856$r2021-01-12 00:00:00$w2021-01-12$ySCO$OW.2360 I
=952  \\$00$10$40$70$8SCO$910681$aORPH$bORPH$cKTS1_P$d2020-07-08$eKoopman$l0$p20121842$r2021-01-12 00:00:00$w2021-01-12$ySCO$OW.2360 II
=952  \\$00$10$40$70$8SCO$910683$aORPH$bORPH$cKTS1_P$d2020-07-08$eKoopman$l0$p20121840$r2021-01-12 00:00:00$w2021-01-12$ySCO$OW.2360 III
=952  \\$00$10$40$70$8SCO$910685$aORPH$bORPH$cKTS1_P$d2020-07-08$eKoopman$l0$p20121838$r2021-01-12 00:00:00$w2021-01-12$ySCO$OW.2360 IV
=952  \\$00$10$40$70$8SCO$910687$aORPH$bORPH$cKTS1_P$d2021-01-12$l0$p20121836$r2021-01-12 00:00:00$w2021-01-12$ySCO$OW.2360 V
=999  \\$d10698

