=LDR  01221aam a2200241   4500
=001  10719
=008  250423s1912\\\\|||fca||\||||\00|\0dger\d
=041  \\$ager
=100  \\$aSachse, Richard$d1846-1924$1http://www.wikidata.org/entity/Q1329894$913738
=245  \\$aDie ältere Geschichte der Thomasschule zu Leipzig.$bNach den Quellen dargestellt
=260  \\$c1912$aLeipzig$bTeubner
=300  \\$a132-31 pages
=590  \\$amit 31 Tafeln
=610  \0$aThomasschule (Leipzig, Germany)$1http://www.wikidata.org/entity/Q699668$91465
=650  \0$aMusic history$1http://www.wikidata.org/entity/Q846047$921373
=650  \0$aMusic education$1http://www.wikidata.org/entity/Q27908$921766
=650  \0$aSchool music$1http://www.wikidata.org/entity/Q1021290$93677
=650  \0$aClassical education$1http://www.wikidata.org/entity/Q5128321$94599
=650  \0$aChurch music$1http://www.wikidata.org/entity/Q8812109$1http://www.wikidata.org/entity/Q1065742$92283
=651  \0$aLeipzig (Germany)$1http://www.wikidata.org/entity/Q2079$945
=942  \\$cBOO
=952  \\$00$10$2ddc$40$6TOP_DE_LEI$70$8TOP$910706$aORPH$bORPH$cKTS0$d2021-01-12$eKoopman$i20F38$l0$oTOP DE.LEI$p20128112$r2021-01-12 00:00:00$w2021-01-12$yBOO$OKoopman
=999  \\$d10719

