=LDR  01132aam a2200241   4500
=001  10725
=008  230524s2008\\\\|||a||||\bc||\000\0\ger\d
=041  \\$ager
=100  1\$aSahlmann, Peter$913746$4aut
=245  \\$aDie alte Reichs- und Hansestadt Lübeck, Veduten aus vier Jahrhunderten
=250  \\$a2nd ed.
=260  \\$c2008$aLübeck$bSchmidt Römhild
=300  \\$a320 pages
=648  \0$aRenaissance (1400-1600)$1http://www.wikidata.org/entity/Q4692$920965
=648  \0$a17th Century (1601-1700)$1http://www.wikidata.org/entity/Q7016$920923
=648  \0$a18th Century (1701-1800)$1http://www.wikidata.org/entity/Q7015$920899
=650  \0$1http://www.wikidata.org/entity/Q309$aHistory$921403
=650  \0$aUrban design$1http://www.wikidata.org/entity/Q63100$939883
=650  \0$aFine art$1http://www.wikidata.org/entity/Q219625$921579
=651  \0$1http://www.wikidata.org/entity/Q2843$aLübeck (Germany)$9125
=942  \\$cBOO
=952  \\$00$10$2ddc$40$6TOP_DE_LUB_4_000000000000000$70$8TOP$910712$aORPH$bORPH$cKTS0$d2021-01-12$eKoopman$i41D38$l0$oTOP DE.LUB 4$p20120134$r2021-01-12 00:00:00$w2021-01-12$yBOO$OKoopman
=999  \\$d10725

