=LDR  00822aam a2200205   4500
=001  10731
=005  20251003085458.0
=008  230329s1984\\\\||||||||\c|||\00|\0\ita\d
=020  \\$a8870630307
=020  \\$a9788870630305
=041  \\$aita
=100  1\$aSala, Mariella$d1956-$4aut$1http://www.wikidata.org/entity/Q112430170$925957
=245  \\$aCatalogo del fondo musicale dell'archivio capitolare del duomo di Brescia
=260  \\$c1984$aTurin$bEDT/Musica
=300  \\$a288 pages
=650  \0$aCatalogue$1http://www.wikidata.org/entity/Q2352616$921484
=651  \0$aBrescia (Italy)$1http://www.wikidata.org/entity/Q6221$922286
=942  \\$cBOO
=952  \\$00$10$2ddc$40$6BIB_4_000000000000000_IT_BRE$70$8BIB$910718$aORPH$bORPH$cKTS0$d2021-01-12$l0$oBIB4 IT.BRE$p20121379$r2021-01-12 00:00:00$w2021-01-12$yBOO$OKoopman
=999  \\$d10731

