=LDR  00944ncm a2200217 cb4500
=001  10732
=005  20251008112542.0
=008  930622s1965\\\\xx\||||\\||||||||\|\eng\d
=041  \\$aeng$aheb$afre
=100  \\$aSaladin, L.$4cmp$913755
=245  \\$aCanticum hebraicum
=260  \\$aTel Aviv$bIsraeli Music Publications$c1965
=300  \\$a54 pages
=490  \\$aEarly Hebrew art music$v[2]
=590  \\$afor counter-tenor (or alto), tenor solo, bass solo, choir, 3 flutes, 4 oboes, 3 bassoons, strings, and continuo
=650  \0$aSong$1http://www.wikidata.org/entity/Q7366$94164
=650  \0$aMusic of the Jews$1http://www.wikidata.org/entity/Q1716019$927715
=700  \\$aAdler, Israel$d1925-2009$1http://www.wikidata.org/entity/Q358179$4edt$99044
=942  \\$cSCO
=952  \\$00$10$2ddc$40$6SCO_S_SALA$70$8SCO$910719$aORPH$bORPH$cKTS1_H$d2021-01-12$eKoopman$iW458$l0$oSCO S SALA$p20121674$r2021-01-12 00:00:00$w2021-01-12$ySCO$OW.0458-1
=999  \\$d10732

