=LDR  00822    a2200205   4500
=001  10733
=008  210423r19931566\\\|||||\||||\00|\0\spa\d
=020  \\$a8487277330
=041  \\$aspa$hlat
=100  \\$aSalinas, Francisco$d1513-1590$4aut$913756
=245  \\$aMusices liber tertius
=260  \\$c1993$aMadrid$bOnce$bBiblioteca Nacional
=300  \\$a380 pages
=648  \0$a16th Century (1501-1600)$1http://www.wikidata.org/entity/Q7017$920944
=700  \\$4res$aGoldáraz Gaínza, J. Javier$921354
=700  \\$4win$4edt$4trl$aMoreno Hernández, Antonio$921355
=942  \\$cBOO
=952  \\$00$10$2ddc$40$6TRE_SALI$70$8TRE$910720$aORPH$bORPH$cKTS1_H$d2021-01-12$eKoopman$i28D19$l0$oTRE SALI$p20123590$r2021-01-12 00:00:00$w2021-01-12$yBOO
=999  \\$c10733$d10733
=650  \0$aMusic theory$1http://www.wikidata.org/entity/Q193544$92662

