=LDR  01434aam a2200229   4500
=001  10737
=008  230308s1979\\\\|||a||||\||||\00|\0\ger\d
=041  \\$ager
=100  \\$aSalmen, Walter$d1926-2013$4aut$1http://www.wikidata.org/entity/Q15454344$913760
=245  \\$aBilder zur Geschichte der Musik in Österreich.$bVon der Frühzeit bis 1600
=260  \\$c1979$bHelbling$aInnsbruck
=300  \\$a142 pages
=520  \\$aWith this illustrated book, Walter Salmen presents for the first time a selection of more than 300 mostly previously unpublished pictorial documents on the history of music in Austria. The chronological span ranges from the 7th century B.C. to around 1900 and includes areas of sacred and secular art music practice as well as of usual music-making.
=648  \0$aMiddle Ages (500-1400)$1http://www.wikidata.org/entity/Q12554$920964
=648  \0$a15th Century (1401-1500)$1http://www.wikidata.org/entity/Q7018$921015
=648  \0$a16th Century (1501-1600)$1http://www.wikidata.org/entity/Q7017$920944
=650  \0$aMusic history$1http://www.wikidata.org/entity/Q846047$921373
=650  \0$aIconography$1http://www.wikidata.org/entity/Q208145$921259
=651  \0$aAustria$1http://www.wikidata.org/entity/Q40$9202
=942  \\$cBOO
=952  \\$00$10$2ddc$40$6TOP_AT_5_000000000000000$70$8TOP$910724$aORPH$bORPH$cKTS0$d2021-01-12$eKoopman$l0$oTOP AT 5$p20127829$r2021-01-12 00:00:00$w2021-01-12$yBOO$OKoopman
=999  \\$d10737

