=LDR  00959aam a2200205   4500
=001  10740
=008  250331s1971\\\\|||aof||\||||\00|\0\ger\d
=041  \\$ager
=100  \\$aSalmen, Walter$d1926-2013$1http://www.wikidata.org/entity/Q15454344$913760$4aut
=245  \\$aMusikgeschichte Schleswig-Holsteins in Bildern
=260  \\$c1971$aNeumünster$bWachholtz
=300  \\$a23-[163] pages
=648  \0$aPast$1http://www.wikidata.org/entity/Q192630$922196
=650  \0$aMusic history$1http://www.wikidata.org/entity/Q846047$921373
=650  \0$aIconography$1http://www.wikidata.org/entity/Q208145$921259
=651  \0$aSchleswig-Holstein (Germany)$1http://www.wikidata.org/entity/Q1194$922805
=700  \\$aSchwab, Heinrich W.$d1938-2025$4aut$913713
=942  \\$cBOO
=952  \\$00$10$2ddc$40$6TOP_DE_SCH3_0_000000000000000$70$8TOP$910727$aORPH$bORPH$cKTS0$d2021-01-12$eKoopman$i21A51$l0$oTOP DE.SCH3 0$p20128349$r2021-01-12 00:00:00$w2021-01-12$yBOO$OKoopman
=999  \\$d10740

