=LDR  00737    a2200169   4500
=001  10742
=008  210624s1983\\\\\\\|||||\||||\00|\0\ger\d
=041  \\$ager
=100  \\$aSalmen, Walter$d1926-2013$4aut$1http://www.wikidata.org/entity/Q15454344$913760
=245  \\$aDer Spielmann im Mittelalter
=260  \\$aInnsbruck$bHelbling$c1983
=648  \0$aMiddle Ages (500-1400)$1http://www.wikidata.org/entity/Q12554$920964
=650  \0$aMusic history$1http://www.wikidata.org/entity/Q846047$921373
=650  \0$aInstrumentalist$1http://www.wikidata.org/entity/Q1278335$921706
=942  \\$cBOO
=952  \\$00$10$2ddc$40$6GHM_3_000000000000000$70$8GHM$910729$aORPH$bORPH$cKM12_1$d2021-11-19$oGHM3$p20128901$r2021-01-12 00:00:00$w2021-01-12$yBOO
=999  \\$d10742

