=LDR  00981    a2200217   4500
=001  10744
=008  210823t1983\\\\||||||||\||||\00|\0\ger\d
=100  \\$aSalmen, Walter$d1926-2013$4aut$1http://www.wikidata.org/entity/Q15454344$913760
=245  \\$aMusikleben im 16. Jahrhundert
=260  \\$c1983
=300  \\$a205 pages
=490  \\$aMusikgeschichte in Bildern$vIII/9
=500  \\$aLizenznummer (DDR): 418-515/A 15/83
=648  \0$a16th Century (1501-1600)$1http://www.wikidata.org/entity/Q7017$920944
=650  \0$aIconography$1http://www.wikidata.org/entity/Q208145$921259
=650  \0$aIconography$1http://www.wikidata.org/entity/Q208145$921259
=650  \0$aMusic history$1http://www.wikidata.org/entity/Q846047$921373
=651  \0$aEurope$1http://www.wikidata.org/entity/Q46$991
=942  \\$cBOO
=952  \\$00$10$2ddc$40$6GHM_0_000000000000000$70$8GHM$910731$aORPH$bORPH$cKM12_1$d2021-01-12$eKoopman$i25F15 III/9$oGHM0$p20129420$r2021-01-12 00:00:00$w2021-01-12$yBOO
=999  \\$d10744

