=LDR  01221aam a2200253   4500
=001  10751
=008  250527s1917\\\\|||\||||\b|||\00|\0cmul\d
=041  \\$adut$afre$aita
=100  \\$aSalverda de Grave, Jean-Jacques$d1863-1947$1http://www.wikidata.org/entity/Q507610$913762$4aut
=245  \\$aDe troubadours
=260  \\$c1917$aLeiden$bA. W. Sijthoff's Uitgevers-Maatschappij
=300  \\$a[vi]-119 pages
=490  \\$aFransche Kunst$vII
=600  \0$aVentadour, Bernard de$d12th century$1http://www.wikidata.org/entity/Q4501$940261
=600  \0$aBorn, Bertran de$d1140-1215$940262
=648  \0$aMiddle Ages (500-1400)$1http://www.wikidata.org/entity/Q12554$920964
=650  \0$aTroubadour$1http://www.wikidata.org/entity/Q186370$940259
=650  \0$aPoetry$1http://www.wikidata.org/entity/Q482$93026
=650  \0$aNobility$1http://www.wikidata.org/entity/Q134737$93602
=651  \0$aOccitanie (France)$1http://www.wikidata.org/entity/Q104285$924169
=651  \0$aItaly$1http://www.wikidata.org/entity/Q38$922
=942  \\$cBOO
=952  \\$00$10$2ddc$40$6TOP_FR_3_000000000000000$70$8TOP$910738$aORPH$bORPH$cKTS0$d2021-01-12$eKoopman$i43D38$l0$oTOP FR 3$p20126492$r2021-01-12 00:00:00$w2021-01-12$yBOO$OKoopman
=999  \\$d10751

