=LDR  00968nam a2200253 a 4500
=001  10752
=005  20250925143259.0
=008  860829s1986\\\\ne\a\\\\\b\\\\001\0\dut\\
=020  \\$a9021480506 :$cfl 69.00
=040  \\$aOI
=100  \\$aSamama, Leo$4aut$913763
=245  10$aZeventig jaar Nederlandse muziek, 1915-1985 :$bvoorspel tot een nieuwe dag /$cLeo Samama.
=260  \\$aAmsterdam :$bQuerido,$c1986.
=300  \\$a323 p. :$bill. ;$c24 cm.
=504  \\$aBibliography: p. 288-290.
=504  \\$aDiscography: p. 291-310.
=500  \\$aIncludes index.
=650  \0$aMusic$92062
=942  \\$cBOO
=952  \\$00$10$40$70$910739$aORPH$bORPH$cLOC_UNK$d2021-01-12$l0$p20130051$r2021-01-12 00:00:00$w2021-01-12$yBOO$OThwaites
=999  \\$c10752$d10752
=651  \0$aNetherlands$1http://www.wikidata.org/entity/Q55$9173
=648  \0$a20th Century (1901-2000)$1http://www.wikidata.org/entity/Q6927$920936
=650  \0$aMusic history$1http://www.wikidata.org/entity/Q846047$921373

