=LDR  00702aam a2200169   4500
=001  10755
=008  250624s1967\\\\||||||||\||||\00|\0\por\d
=041  \\$apor
=100  \\$aSampaio Ribeiro, M.$913767$4aut
=245  \\$aNótulas de bibliografia musical$nvol. 1
=260  \\$aLisbon$bAcademia Portuguesa da Historia$c1967
=490  \\$aLivraria de Música de El-Rei D. João IV, Estudo musical, histórico e bibliográfico
=650  \0$aBibliography$1http://www.wikidata.org/entity/Q134995$93965
=651  \0$aPortugal$1http://www.wikidata.org/entity/Q45$9136
=942  \\$cBOO
=952  \\$00$10$40$70$910742$aORPH$bORPH$cLOC_UNK$d2021-01-12$l0$p20126653$r2021-01-12 00:00:00$w2021-01-12$yTYPE_UNK$OKoopman
=999  \\$d10755

