=LDR  01175nam a2200277 a 4500
=001  10757
=005  20250120115931.0
=008  910603s1990\\\\it\a\\\\\bc\\\001\0\ita\\
=020  \\$a8885147232
=040  \\$aOI
=100  \\$aDe Sanctis, Stefano,$d-1959$913772
=245  13$aIl fondo musicale dell'I.R.E., Istituzioni di ricovero e di educazione di Venezia /$cStefano De Sanctis, Nadia Nigris.
=260  \\$aRome$bEdizioni Torre d'Orfeo,$c1990.
=300  \\$axxxvii, 324 p. :$bill. ;$c24 cm.
=500  \\$aAt head of title: Fondazione Ugo e Olga Levi, Associazione veneta per la ricerca delle fonti musicali.
=500  \\$aErrata slip inserted.
=500  \\$aIncludes indexes.
=610  \0$aIstituzioni di ricovero e di educazione (Venice, Italy)$91555
=650  \0$aMusic$92062
=700  \\$aNigris, Nadia,$d-1964$913773
=710  \\$aFondazione Levi.$91497
=710  \\$aAssociazione veneta per la ricerca delle fonti musicali (Venice, Italy)$91242
=942  \\$cBOO
=952  \\$00$10$40$70$910744$aORPH$bORPH$cLOC_UNK$d2021-01-12$l0$p20128927$r2021-01-12 00:00:00$w2021-01-12$yTYPE_UNK$OKoopman
=999  \\$c10757$d10757
=490  \\$aCataloghi di fondi musicali italiani ;$v13

