=LDR  00781cam a2200193u  4500
=001  10758
=005  20250120120410.0
=008  810409s1921\\\\gw\acg\\\\\\\\000\0\ger\\
=041  \\$ager
=100  \\$aSandberger, A.$4aut$913774
=245  00$aAusgewählte Aufsätze zur Musikgeschichte
=260  \\$aMünchen$bDrei Masken$c1921
=300  \\$a330 pages
=600  \0$aLassus, Orlandus$d1530/32-1594$1http://www.wikidata.org/entity/Q154792$96856
=942  \\$cBOO
=952  \\$00$10$2ddc$40$6TRE_SAND$70$8TRE$910745$aORPH$bORPH$cKTS1_H$d2021-01-12$eKoopman$i24D59$l0$oTRE SAND$p20129065$r2021-01-12 00:00:00$w2021-01-12$yBOO
=999  \\$c10758$d10758
=650  \0$aMusic history$1http://www.wikidata.org/entity/Q846047$921373
=650  \0$aMusic criticism$1http://www.wikidata.org/entity/Q11748889$921598

