=LDR  01277aam a2200241   4500
=001  10761
=008  250121s2015\\\\|||oac||\||||\00|\0\ger\d
=020  \\$a9783905075236
=100  \\$aSandberger, Wolfgang$d1961-$1http://www.wikidata.org/entity/Q83487968$914877
=245  \\$aImagination und Kanon.$bDer "Komponistenhimmel" in der Zürcher Tonhalle von 1895
=260  \\$c2015$aWinterthur$bAmadeus
=300  \\$a47 pages
=490  \\$aNeujahrsblatt der Allgemeinen Musikgesellschaft Zürich$vauf das Jahr 2016
=500  \\$amanuscript dedication from the author to Ton Koopman (2016)
=610  \0$aTonhalle (Zürich, Switzerland)$1http://www.wikidata.org/entity/Q3531558$939536
=648  \0$a19th Century (1801-1900)$1http://www.wikidata.org/entity/Q6955$920935
=650  \0$aFine art$1http://www.wikidata.org/entity/Q219625$921579
=650  \0$aInterior design$1http://www.wikidata.org/entity/Q179232$921367
=650  \0$aIconography$1http://www.wikidata.org/entity/Q208145$921259
=651  \0$aZürich (Switzerland)$1http://www.wikidata.org/entity/Q72$921130
=942  \\$cBOO
=952  \\$00$10$2ddc$40$6TOP_CH_ZUR_6_000000000000000$70$8TOP$910748$aORPH$bORPH$cKTS0$d2021-01-12$eKoopman$i46E28$l0$oTOP CH.ZUR 6$p20126939$r2021-01-12 00:00:00$w2021-01-12$yBOO$OKoopman
=999  \\$d10761

