=LDR  01962aam a2200337   4500
=001  10766
=005  20251003085458.0
=008  250602s1974\\\\|||ga|||\bm||\00|\0\eng\d
=059  \\$aww br perc
=100  \\$aSandman, Susan Marie Goertzel$d1945-$913780
=245  \\$aWind Band Music under Louis XIV:$bThe Philidor Collection, music for the military and the court
=260  \\$c1974$aAnn Arbor$bMichigan
=300  \\$avii-262-168 pages
=590  \\$aA Dissertation submitted to the department of music and the committee on graduate studies of Stanford University in partial fulfillment of the requirements for the degree of doctor of philosophy
=600  \0$aPhilidor, François-André Danican$d1726-1795$1http://www.wikidata.org/entity/Q203229$918157
=600  \0$aFossard, François$d1642-1702$940290
=600  \0$aLouis XIV$cKing of France$d1638-1715$1http://www.wikidata.org/entity/Q7742$99829
=648  \0$a17th Century (1601-1700)$1http://www.wikidata.org/entity/Q7016$920923
=650  \0$aCollecting$1http://www.wikidata.org/entity/Q208165$92117
=650  \0$aManuscript$1http://www.wikidata.org/entity/Q87167$92275
=650  \0$aCourt$1http://www.wikidata.org/entity/Q1134237$922191
=650  \0$aMusic history$1http://www.wikidata.org/entity/Q846047$921373
=650  \0$aCatalogue$1http://www.wikidata.org/entity/Q2352616$1http://www.wikidata.org/entity/Q6941730$921484
=650  \0$aWind instrument$1http://www.wikidata.org/entity/Q173453$94615
=650  \0$aTambourin$1http://www.wikidata.org/entity/Q3514750$922605
=650  \0$aPercussion$1http://www.wikidata.org/entity/Q1661583$92155
=650  \0$aMilitary music$1http://www.wikidata.org/entity/Q6774721$923663
=651  \0$aFrance$1http://www.wikidata.org/entity/Q142$9131
=942  \\$cDIS
=952  \\$00$10$2ddc$40$6TOP_FR_5_000000000000000$70$8TOP$910753$aORPH$bORPH$cKTS0$d2021-01-12$eKoopman$i47G09$l0$oTOP FR 5$p20121539$r2021-01-12 00:00:00$w2021-01-12$yDIS$OKoopman
=999  \\$d10766

