=LDR  03496cam a22003014a 4500
=001  10767
=005  20250121142126.0
=008  110412s2012\\\\nyua\\\\\b\\\\001\0\eng\\
=020  \\$a9780195394207 (hardcover : alk. paper)
=020  \\$a0195394208 (hardcover : alk. paper)
=040  \\$aOI
=041  \\$aeng
=100  \\$aSanguinetti, Giorgio$4aut$916073
=245  14$aThe Art of Partimento:$bHistory, Theory, and Practice
=260  \\$aNew York$bOxford University Press$c2012
=300  \\$axii-385 pages$billustrations$c26 cm
=504  \\$aIncludes bibliographical references (p. 372-378) and index.
=520  \\$aAt the height of the Enlightenment, four conservatories in Naples stood at the center of European composition. Maestros taught their students to compose with unprecedented swiftness and elegance using the partimento, an instructional tool derived from the basso continuo that encouraged improvisation as the path to musical fluency. Although the practice vanished in the early nineteenth century, its legacy lived on in the music of the next generation. In The Art of Partimento, performer and music-historian Giorgio Sanguinetti chronicles the history of this long-forgotten Neapolitan art. Sanguinetti has painstakingly reconstructed the oral tradition that accompanied these partimento manuscripts, now scattered throughout Europe. Beginning with the origins of the partimento in the circles of Corelli, Pasquini, and Alessandro Scarlatti in Rome and tracing it through the peak of the tradition in Naples, The Art of Partimento gives a glimpse into the daily life and work of an eighteenth century composer. 

The Art of the Partimento is also a complete practical handbook to reviving the tradition today. Step by step, Sanguinetti guides the aspiring composer through elementary realization to more advanced exercises in diminution, imitation, and motivic coherence. Based on the teachings of the original masters, Sanguinetti challenges the reader to become a part of history, providing a variety of original partimenti in a range of genres, forms, styles, and difficulty levels along the way and allowing the student to learn the art of the partimento for themselves at their own pace.

As both history and practical guide, The Art of Partimento presents a new and innovative way of thinking about music theory. Sanguinetti's unique approach unites musicology and music theory with performance, which allows for a richer and deeper understanding than any one method alone, and offers students and scholars of composition and music theory the opportunity not only to understand the life of this fascinating tradition, but to participate in it as well
=648  \0$a18th Century (1701-1800)$1http://www.wikidata.org/entity/Q7015$920899
=650  \0$aPartimento$1http://www.wikidata.org/entity/Q2054960$921242
=650  \0$aHarmony$1http://www.wikidata.org/entity/Q184421$92358
=650  \0$aComposing$1http://www.wikidata.org/entity/Q92186587$93076
=650  \0$aMusic education$1http://www.wikidata.org/entity/Q27908$921766
=651  \0$aItaly$1http://www.wikidata.org/entity/Q38$922
=942  \\$cBOO
=952  \\$00$10$2ddc$40$6MTP_2_000000000000000_SANG$70$8MTP$910754$aORPH$bORPH$cKM12_1$d2020-07-08$eKoopman$oMTP2 SANG$p20127266$r2021-01-12 00:00:00$w2021-01-12$yBOO
=952  \\$00$10$2ddc$40$6MTP_2_000000000000000_SANG$70$8MTP$914066$aORPH$bORPH$cKM12_1$d2022-09-06$g51.00$l1$m1$oMTP2 SANG$p20139443$r2022-09-06 00:00:00$s2021-03-10$w2021-01-12$yBOO
=999  \\$d10767

