=LDR  01092aam a2200241   4500
=001  10775
=005  20251008172401.0
=008  230918s1958\\\\||||||||\||||\00|\0\ita\d
=041  \\$aita
=100  \\$aSartori, Claudio$913789$4edt
=245  \\$aDizionario degli editori musicali italiani:$btipografi, incisori, librai-editori
=260  \\$c1958$bOlschki$aFlorence
=300  \\$a215 pages
=490  \\$aBiblioteca di bibliografia italiana$v32
=650  \0$1http://www.wikidata.org/entity/Q64416036$aMusic printing$94007
=650  \0$1http://www.wikidata.org/entity/Q3972943$aPublishing$93049
=650  \0$aMusic publishing company$1http://www.wikidata.org/entity/Q1917775$927716
=650  \0$aMusic printing$1http://www.wikidata.org/entity/Q64416036$94007
=650  \0$1http://www.wikidata.org/entity/Q219625$aFine art$921579
=651  \0$1http://www.wikidata.org/entity/Q38$aItaly$922
=942  \\$cBOO
=952  \\$00$10$2ddc$40$6BIB_4_000000000000000_IT$70$8BIB$910762$aORPH$bORPH$cKTS0$d2021-01-12$eKoopman$i29E05$l0$oBIB4 IT$p20121290$r2021-01-12 00:00:00$w2021-01-12$yBOO$OKoopman
=999  \\$d10775

