=LDR  01007aam a2200217   4500
=001  10780
=005  20251003085458.0
=008  230224s1962\\\\||||||||\c|||\00|\0\ita\d
=041  \\$aita
=100  \\$aSartori, Claudio$913789$4aut
=245  \\$aAssisi, La Cappella delle Basilica di s. Francesco:$bCatalogo del fondo musicale della Biblioteca Comunale di Assisi
=260  \\$c1962$aMilan$bIstituto Editoriale Italiano
=300  \\$a449 pages
=648  \0$a20th Century (1901-2000)$1http://www.wikidata.org/entity/Q6927$920936
=650  \0$aCatalogue$1http://www.wikidata.org/entity/Q2352616$921484
=650  \0$aLibrary$1http://www.wikidata.org/entity/Q7075$94229
=650  \0$aSheet music$1http://www.wikidata.org/entity/Q187947$924701
=651  \0$aAssisi (Italy)$1http://www.wikidata.org/entity/Q20103$922432
=942  \\$cBOO
=952  \\$00$10$2ddc$40$6BIB_4_000000000000000_IT_ASS$70$8BIB$910767$aORPH$bORPH$cKTS0$d2021-01-12$l0$oBIB4 IT.ASS$p20127254$r2021-01-12 00:00:00$w2021-01-12$yBOO$OKoopman
=999  \\$d10780

