=LDR  00565    a2200181   4500
=001  10785
=003  OSt
=005  20230123095347.0
=008  210209b\\\\\\\\\\\|||||\||||\00|\0\eng\d
=040  \\$cST
=041  \\$afre
=100  \\$aSazonova, J.$4aut$913794
=245  \\$aLa Vie de la Danse$bdu Ballet Comique de la Reine a Icare
=260  \\$c1937
=300  \\$a330 pages
=942  \\$cBOO$2ddc
=952  \\$00$10$2ddc$40$6GEN_17_000000000000000$70$8GEN$910772$aORPH$bORPH$cKM12_1$d2021-01-12$eKoopman$l0$oGEN 17$p20123591$r2021-01-12 00:00:00$w2021-01-12$yBOO
=999  \\$c10785$d10785

