=LDR  01499ccm a2200325 a 4500
=001  10788
=005  20250120115940.0
=008  010319s2000\\\\wiucta\\\bdhi\\n\\\\ita\d
=010  \\$a  2001559816
=020  \\$a0895794500
=035  \\$a(OCoLC)ocm44157216
=040  \\$aCIN$cCIN$dDLC
=041  0\$aita$hita$geng
=042  \\$alccopycat
=100  \\$aScarlatti, Alessandro$d1660-1725$4cmp$1http://www.wikidata.org/entity/Q183087$913800
=245  10$aVenere, Amore e Ragione :$bserenata a 3 /$cAlessandro Scarlatti ; edited by Judith L. Schwartz ; historical introduction by Thomas E. Griffin.
=260  \\$aMadison, Wis. :$bA-R Editions,$cc2000.
=300  \\$a1 score (xxx, 123 p.) :$bfacsims. ;$c31 cm.
=490  1\$aRecent researches in the music of the Baroque Era,$x0484-0828 ;$v104
=500  \\$aFor soloists (SSA) and orchestra.
=504  \\$aIncludes bibliographical references.
=546  \\$aItalian words by Silvio Stampiglia; also printed as text with English translation by William V. Porter (p. xxiii-xix).
=650  \0$aCantata$1http://www.wikidata.org/entity/Q174873$921603
=700  \\$4lbt$aStampiglia, Silvio$d1664-1725$1http://www.wikidata.org/entity/Q1375676$913801
=700  \\$aSchwartz, Judith L.$d-1943$913802
=700  \\$aGriffin, Thomas Edward$d-1947$913803
=700  \\$aPorter, William Vernon$913804
=942  \\$cSCO
=952  \\$00$10$40$70$8SCO$910775$aORPH$bORPH$cKTS1_P$d2021-01-12$l0$p20124316$r2021-01-12 00:00:00$w2021-01-12$ySCO$OW.1709
=999  \\$c10788$d10788

