=LDR  00396    a2200121   4500
=001  10789
=020  \\$a0674640268
=100  \\$aScarlatti, Alessandro$d1660-1725$4cmp$1http://www.wikidata.org/entity/Q183087$913800
=245  \\$aEraclea
=260  \\$c1974
=942  \\$cSCO
=952  \\$00$10$40$70$8SCO$910776$aORPH$bORPH$cKTS1_P$d2021-01-12$l0$p20124295$r2021-01-12 00:00:00$w2021-01-12$ySCO$OW.1940
=999  \\$c10789$d10789

