=LDR  01242cam a22002891  4500
=001  10796
=005  20250120120622.0
=008  770629s1970\\\\gw\c\\\\\c\\\\000\0\ger\\
=010  \\$a   71091338 
=015  \\$aGDB***
=020  \\$a3795900175
=040  \\$aOI
=041  \\$ager
=100  \\$aSchaal, Richard$4edt$919055
=245  14$aDie Tonkünstler-Porträts der Wiener Musiksammlung von Aloys Fuchs
=260  \\$aWilhelmshaven$bHeinrichshofen$c[1970]
=300  \\$a126 pages$bportraits$c30 cm
=490  \\$aQuellenkataloge zur Musikgeschichte$v3
=590  \\$aUnter Benutzung der Originalkataloge bearb. von Richard Schaal. Mit einem Anhang von 178 Abbildungen.
=650  \0$aComposer$1http://www.wikidata.org/entity/Q36834$93625
=650  \0$aPortrait$1http://www.wikidata.org/entity/Q134307$92622
=650  \0$aCollecting$1http://www.wikidata.org/entity/Q208165$92117
=651  \0$aVienna (Austria)$1http://www.wikidata.org/entity/Q1741$920937
=700  \\$aFuchs, Aloys$d1799-1853$4col$1http://www.wikidata.org/entity/Q2650628$925006
=942  \\$cBOO
=952  \\$00$10$2ddc$40$6VIS_SCHA$70$8VIS$910783$aORPH$bORPH$cKTS1_H$d2021-01-12$eKoopman$i43C26$l0$oVIS SCHA$p20127181$r2021-01-12 00:00:00$w2021-01-12$yBOO$OKoopman
=999  \\$d10796

