=LDR  00975cam a2200229 a 4500
=001  10800
=005  20250120120203.0
=008  110325s2010\\\\ne\a\\\\\b\\\\000\0\dut\\
=020  \\$a9789057306679
=040  \\$aOI
=100  \\$aSchade van Westrum, Lia$913810
=245  10$aOud-katholieke kerken :$bdrie eeuwen verborgen erfgoed van een eigenzinnige geloofsgemeenschap /$cLia Schade van Westrum.
=260  \\$aZutphen :$bWalburg Pers,$c2010.
=300  \\$a192 p. :$bcol. ill. ;$c29 cm.
=504  \\$aIncludes bibliographical references (p. 192).
=650  \0$aChurch$1http://www.wikidata.org/entity/Q16970$93776
=650  \0$aChurch$1http://www.wikidata.org/entity/Q16970$93776
=650  20$aCatholicism$1http://www.wikidata.org/entity/Q1841$921631
=942  \\$cBOO
=952  \\$00$10$40$70$910787$aORPH$bORPH$cLOC_UNK$d2021-01-12$l0$p20129341$r2021-01-12 00:00:00$w2021-01-12$yTYPE_UNK$OKoopman
=999  \\$c10800$d10800
=651  \0$aNetherlands$1http://www.wikidata.org/entity/Q55$9173

