=LDR  01564cam a2200301 i 4500
=001  10802
=005  20250218103401.0
=008  760609s1975\\\\gw\a\\\\\b\\\\001\0\ger\\
=020  \\$a3761805314
=040  \\$aOI
=041  \\$ager
=100  \\$aSchaefer, Hartmut$913812$4aut
=245  14$aDie Notendrucker und Musikverleger in Frankfurt am Main von 1630 bis um 1720 :$bEine bibliographisch-drucktechnische Untersuchung$nvols. 1-2/2
=260  \\$aKassel$bBärenreiter$c1975
=300  \\$a2 vols. (711 pages)$bill.$c23 cm.
=490  \\$aCatalogus musicus$v7
=500  \\$aOriginally presented as the author's thesis, Frankfurt am Main, 1971.
=500  \\$aIncludes indexes.
=504  \\$aBibliography: p. 663-687.
=648  \0$a17th Century (1601-1700)$1http://www.wikidata.org/entity/Q7016$920923
=648  \0$a18th Century (1701-1800)$1http://www.wikidata.org/entity/Q7015$920899
=650  \0$aMusic printing$1http://www.wikidata.org/entity/Q64416036$94007
=650  \0$aPublishing$1http://www.wikidata.org/entity/Q3972943$93049
=651  \0$aFrankfurt am Main (Germany)$1http://www.wikidata.org/entity/Q1794$921575
=942  \\$cBOO
=952  \\$00$10$2ddc$3Band I$40$6BIB_4_000000000000000_DE_FRA1_5$70$8BIB$910789$aORPH$bORPH$cKTS0$d2021-01-12$eKoopman$i34B22-1$l0$oBIB4 DE.FRA1 5$p20122595$r2021-01-12 00:00:00$w2021-01-12$yBOO$OKoopman
=952  \\$00$10$2ddc$3Band II$40$6BIB_4_000000000000000_DE_FRA1_5$70$8BIB$910790$aORPH$bORPH$cKTS0$d2021-01-12$eKoopman$i34B22-2$l0$oBIB4 DE.FRA1 5$p20122594$r2021-01-12 00:00:00$w2021-01-12$yBOO$OKoopman
=999  \\$d10802

