=LDR  00748cam a22002051i 4500
=001  10825
=005  20250120120203.0
=008  751117s1974\\\\ne\af\\\\b\\\\000\0\dut\\
=020  \\$a9022845206 :$cfl 16.00
=040  \\$aOI
=100  \\$aScheerder, J.$913837
=245  13$aDe beeldenstorm /$c[door] J. Scheerder.
=260  \\$aBussum :$bDe Haan,$c[1974]
=300  \\$a132 p., [8] leaves of plates :$bill. ;$c21 cm.
=504  \\$aBibliography: p. 121-130.
=651  \0$aNetherlands$1http://www.wikidata.org/entity/Q55$9173
=650  \0$aIconoclasm$1http://www.wikidata.org/entity/Q181543$93788
=942  \\$cBOO
=952  \\$00$10$40$70$910812$aORPH$bORPH$cLOC_UNK$d2021-01-12$l0$p20125238$r2021-01-12 00:00:00$w2021-01-12$yTYPE_UNK$OKoopman
=999  \\$c10825$d10825

