=LDR  00394    a2200109   4500
=001  10827
=100  \\$aScheidt, Samuel$d1587-1654$4cmp$1http://www.wikidata.org/entity/Q169291$96474
=245  \\$aDas Tabulatur-Buch vom Jahr 1650
=260  \\$c1923
=942  \\$cSCO
=952  \\$00$10$40$70$8SCO$910814$aORPH$bORPH$cKTS1_P$d2021-01-12$l0$p20124236$r2021-01-12 00:00:00$w2021-01-12$ySCO$OW.groot.013-1
=999  \\$c10827$d10827

