=LDR  00392    a2200109   4500
=001  10830
=100  \\$aScheidt, Samuel$d1587-1654$4cmp$1http://www.wikidata.org/entity/Q169291$96474
=245  \\$aSamuel Scheidt Werke Band XII
=260  \\$c1965
=942  \\$cSCO
=952  \\$00$10$40$70$8SCO$910817$aORPH$bORPH$cKTS1_P$d2021-01-12$l0$p20124255$r2021-01-12 00:00:00$w2021-01-12$ySCO$OW.groot.013-12
=999  \\$c10830$d10830

