=LDR  00444    a2200121   4500
=001  10833
=100  \\$aScheidt, Samuel$d1587-1654$4cmp$1http://www.wikidata.org/entity/Q169291$96474
=245  \\$aSamuel Scheidt Werke Band XV
=260  \\$c1976
=500  \\$aLizenznummer (DDR): 418-515/C 119/76
=942  \\$cSCO
=952  \\$00$10$40$70$8SCO$910820$aORPH$bORPH$cKTS1_P$d2021-01-12$l0$p20124252$r2021-01-12 00:00:00$w2021-01-12$ySCO$OW.groot.013-15
=999  \\$c10833$d10833

