=LDR  00444    a2200121   4500
=001  10834
=100  \\$aScheidt, Samuel$d1587-1654$4cmp$1http://www.wikidata.org/entity/Q169291$96474
=245  \\$aSamuel Scheidt Werke Band XVI
=260  \\$c1981
=500  \\$aLizenznummer (DDR): 418/515/C 44/81
=942  \\$cSCO
=952  \\$00$10$40$70$8SCO$910821$aORPH$bORPH$cKTS1_P$d2021-01-12$l0$p20124251$r2021-01-12 00:00:00$w2021-01-12$ySCO$OW.groot.013-16
=999  \\$c10834$d10834

