=LDR  00389    a2200109   4500
=001  10837
=100  \\$aScheidt, Samuel$d1587-1654$4cmp$1http://www.wikidata.org/entity/Q169291$96474
=245  \\$aSamuel Scheidt Werke Band V
=260  \\$c1937
=942  \\$cSCO
=952  \\$00$10$40$70$8SCO$910824$aORPH$bORPH$cKTS1_P$d2021-01-12$l0$p20124245$r2021-01-12 00:00:00$w2021-01-12$ySCO$OW.groot.013-5
=999  \\$c10837$d10837

