=LDR  00439    a2200121   4500
=001  10839
=100  \\$aScheidt, Samuel$d1587-1654$4cmp$1http://www.wikidata.org/entity/Q169291$96474
=245  \\$aTabulatura Nova Teil II
=260  \\$c1964
=500  \\$aLizenznummer (DDR): 418-515/C 31/64
=942  \\$cSCO
=952  \\$00$10$40$70$8SCO$910826$aORPH$bORPH$cKTS1_P$d2021-01-12$l0$p20124243$r2021-01-12 00:00:00$w2021-01-12$ySCO$OW.groot.013-6.2
=999  \\$c10839$d10839

