=LDR  00390    a2200109   4500
=001  10842
=100  \\$aScheidt, Samuel$d1587-1654$4cmp$1http://www.wikidata.org/entity/Q169291$96474
=245  \\$aSamuel Scheidt Werke Band IX
=260  \\$c1961
=942  \\$cSCO
=952  \\$00$10$40$70$8SCO$910829$aORPH$bORPH$cKTS1_P$d2021-01-12$l0$p20124249$r2021-01-12 00:00:00$w2021-01-12$ySCO$OW.groot.013-9
=999  \\$c10842$d10842

