=LDR  01217cam a22002414a 4500
=001  10857
=005  20250120120238.0
=008  030205s2002\\\\ne\ac\\\\b\\\\011\0\dut\\
=020  \\$a905356599X
=040  \\$aOI
=100  \\$aSchenkeveld-Van der Dussen, Maria A.$913853
=245  10$aIn de boeken, met de geest :$bvijftien studies van M.A. Schenkeveld-van der Dussen over vroegmoderne Nederlandse literatuur, uitgegeven bij haar afscheid als hoogleraar van de Universiteit Utrecht op 31 oktober 2002 /$cverzameld en ingeleid door A.J. Gelderblom ... [et al.].
=260  \\$aAmsterdam :$bAmsterdam University Press,$cc2002.
=300  \\$a312, 2 p. :$bill., port. ;$c24 cm.
=500  \\$a"Met een bibliografie van het werk van M.A. Schenkeveld-van der Dussen."
=504  \\$aIncludes bibliographical references and index.
=650  \0$aLiterature$1http://www.wikidata.org/entity/Q8242$94439
=600  \0$aSchenkeveld-Van der Dussen, Maria A.$913853
=700  \\$aGelderblom, Arie-Jan$913115
=942  \\$cBOO
=952  \\$00$10$40$70$910844$aORPH$bORPH$cLOC_UNK$d2021-01-12$l0$p20121207$r2021-01-12 00:00:00$w2021-01-12$yTYPE_UNK$OKoopman
=999  \\$c10857$d10857
=651  \0$aNetherlands$1http://www.wikidata.org/entity/Q55$9173

