=LDR  00997cam a2200229 a 4500
=001  10859
=005  20250120120238.0
=008  910621s1991\\\\ne\a\\\\\b\\\\001\0\eng\\
=020  \\$a9027222142 (Eur. : alk. paper)
=020  \\$a1556194269 (alk. paper) :$c$53.00
=040  \\$aOI
=100  \\$aSchenkeveld-Van der Dussen, Maria A.$913853
=245  10$aDutch literature in the age of Rembrandt :$bthemes and ideas /$cMaria A. Schenkeveld.
=260  \\$aAmsterdam ;$aPhiladelphia :$bJ. Benjamins,$c1991.
=300  \\$aix, 215 p. :$bill. ;$c25 cm.
=504  \\$aIncludes bibliographical references (p. [187]-206) and index.
=650  \0$aLiterature$1http://www.wikidata.org/entity/Q8242$94439
=942  \\$cBOO
=952  \\$00$10$40$70$910846$aORPH$bORPH$cLOC_UNK$d2021-01-12$l0$p20123170$r2021-01-12 00:00:00$w2021-01-12$yTYPE_UNK$OKoopman
=999  \\$c10859$d10859
=490  \\$aUtrecht publications in general and comparative literature,$vv. 28
=651  \0$aNetherlands$1http://www.wikidata.org/entity/Q55$9173

