=LDR  00322    a2200109   4500
=001  10876
=100  \\$aSchiavo, R.$913864
=245  \\$aGuida al teatro olimpico
=260  \\$c1980
=942  \\$cBOO
=952  \\$00$10$40$70$910863$aORPH$bORPH$cLOC_UNK$d2021-01-12$l0$p20125034$r2021-01-12 00:00:00$w2021-01-12$yTYPE_UNK$OKoopman
=999  \\$c10876$d10876

