=LDR  00613aam a2200169   4500
=001  10886
=008  240507s1974\\\\|||o||||\||||\00|\0\dut\d
=020  \\$a9022842541
=041  \\$adut
=100  \\$aSchilstra, J. J.$913874$4aut
=245  \\$aKoekplanken
=260  \\$aBussum$bDishoeck$c1974
=650  \0$aFood$1http://www.wikidata.org/entity/Q2095$923146
=650  \0$aApplied arts$1http://www.wikidata.org/entity/Q2865882$921627
=942  \\$cBOO
=952  \\$00$10$2ddc$40$6VIS_SCHI$70$8VIS$910873$aORPH$bORPH$cKTS1_H$d2021-01-12$eKoopman$i28E22$l0$oVIS SCHI$p20121363$r2021-01-12 00:00:00$w2021-01-12$yBOO$OKoopman
=999  \\$d10886

