=LDR  00329    a2200109   4500
=001  10887
=100  \\$aSchiltmeijer, J. R.$913875
=245  \\$ade Gouden Eeuw in Prent
=260  \\$c1941
=942  \\$cBOO
=952  \\$00$10$40$70$910874$aORPH$bORPH$cLOC_UNK$d2021-01-12$l0$p20125909$r2021-01-12 00:00:00$w2021-01-12$yTYPE_UNK$OKoopman
=999  \\$c10887$d10887

