=LDR  01317aam a2200265   4500
=001  10891
=005  20250925143259.0
=008  250121m19881993|||o||||\||||\00|\0\ger\d
=020  \\$a9783596103676
=041  \\$ager
=100  \\$aSchivelbusch, Wolfgang$d1941-2023$1http://www.wikidata.org/entity/Q90813$913879
=245  \\$aEine Ruine im Krieg der Geister.$bDie Bibliothek von Löwen August 1914 bis Mai 1940
=260  \\$c1993$aFrankfurt$bFischer
=300  \\$a243 pages
=610  \0$aKatholieke Universiteit Leuven (Belgium)$1http://www.wikidata.org/entity/Q833670$91277
=648  \0$a20th Century (1901-2000)$1http://www.wikidata.org/entity/Q6927$920936
=650  \0$aLibrary$1http://www.wikidata.org/entity/Q7075$94229
=650  \0$aWorld War I (1914-1918)$1http://www.wikidata.org/entity/Q36$92913
=650  \0$aWorld War II (1939-1945)$1http://www.wikidata.org/entity/Q362$93004
=650  \0$aFire$1http://www.wikidata.org/entity/Q3196$924082
=650  \0$aCollecting$1http://www.wikidata.org/entity/Q208165$92117
=651  \0$aLeuven (Belgium)$1http://www.wikidata.org/entity/Q118958$926817
=942  \\$cBOO
=952  \\$00$10$2ddc$40$6BIB_4_000000000000000_BE_LEU$70$8BIB$910878$aORPH$bORPH$cKTS0$d2021-01-12$eKoopman$i44E32$l0$oBIB4 BE.LEU$p20126566$r2021-01-12 00:00:00$w2021-01-12$yBOO$OKoopman
=999  \\$d10891

