=LDR  02732aam a2200361   4500
=001  10903
=008  250331s1962\\\\|||gaof|\||||\001\0dger\d
=041  \\$ager
=100  \\$aSchmid, Ernst Fritz$d1904-1960$1http://www.wikidata.org/entity/Q1358196$913891$4aut
=245  \\$aMusik an den schwäbischen Zollernhöfen der Renaissance.$bBeiträge zur Kulturgeschichte des Deutschen Südwestens.
=260  \\$c1962$aKassel$bBärenreiter
=300  \\$axxviii-731 pages
=500  \\$aThe members of the House of Hohenzollern, who are historically linked to the County of Zollern with Hohenzollern Castle near Hechingen in present-day Baden-Württemberg and who once did not leave the Swabian ancestral lands, are categorised as the Swabian Hohenzollerns. Burchardus and Wezil were first mentioned by a monk in a chronicle in 1061. In 1576, the two counties of Hohenzollern-Hechingen and Hohenzollern-Sigmaringen were created, from which the principalities of Hohenzollern-Hechingen and Hohenzollern-Sigmaringen were formed in 1623. Only the Hohenzollern-Sigmaringen line still exists today. 
=520  \\$aErstes Buch: Sigmaringen und Haigerloch - Zweites Buch: Hechingen
=590  \\$aHerausgegeben im Auftrag Sr. Kgl. Hoheit Fürsten Friedrich von Hohenzollern
=600  \0$aHouse of Hohenzollern$1http://www.wikidata.org/entity/Q83969$940004
=610  \0$aSchloss Haigerloch (Baden-Württemberg, Germany)$1http://www.wikidata.org/entity/Q1462212$940002
=610  \0$aSchloss Sigmaringen (Baden-Württemberg, Germany)$1http://www.wikidata.org/entity/Q569546$940003
=648  \0$a15th Century (1401-1500)$1http://www.wikidata.org/entity/Q7018$921015
=648  \0$a16th Century (1501-1600)$1http://www.wikidata.org/entity/Q7017$920944
=648  \0$a17th Century (1601-1700)$1http://www.wikidata.org/entity/Q7016$920923
=648  \0$aRenaissance (1400-1600)$1http://www.wikidata.org/entity/Q4692$920965
=650  \0$aMusic history$1http://www.wikidata.org/entity/Q846047$921373
=650  \0$aCourt$1http://www.wikidata.org/entity/Q1134237$922191
=650  \0$aCappella$1http://www.wikidata.org/entity/Q19902156$922910
=650  \0$aMusician$1http://www.wikidata.org/entity/Q639669$93574
=650  \0$aNobility$1http://www.wikidata.org/entity/Q134737$93602
=650  \0$aPatronage$1http://www.wikidata.org/entity/Q214092$94245
=651  \0$aSwabia (= Schwaben, Germany)$1http://www.wikidata.org/entity/Q11812551$940001
=651  \0$aBaden-Württemberg (Germany)$1http://www.wikidata.org/entity/Q985$922802
=942  \\$cBOO
=952  \\$00$10$2ddc$40$6TOP_DE_SWA_4_000000000000000$70$8TOP$910890$aORPH$bORPH$cKTS0$d2021-01-12$eKoopman$i19D35$l0$oTOP DE.SWA 4$p20127833$r2021-01-12 00:00:00$w2021-01-12$yBOO$OKoopman
=999  \\$d10903

