=LDR  00796aam a2200169   4500
=001  10917
=008  240506s1967\\\\|||a||||\||||\00|\0\dut\d
=041  \\$adut
=100  \\$aSchmidt, W.$913902$4aut
=245  \\$aHonderd tekeningen van oude meesters uit het Prentenkabinet van Dresden
=260  \\$aBrussels$bKoninklijke Bibliotheek 'Albert I'$c1967
=500  \\$aTentoonstelling in de Koninklijke Bibliotheek van Brussel, april-mei 1967
=610  \0$aStaatliche Kunstsammlungen Dresden (Germany)$1http://www.wikidata.org/entity/Q653002$927323
=650  \0$aFine art$1http://www.wikidata.org/entity/Q219625$921579
=942  \\$cBOO
=952  \\$00$10$2ddc$40$6VIS_SCHM$70$8VIS$910904$aORPH$bORPH$cKTS1_H$d2021-01-12$eKoopman$i38F28$l0$oVIS SCHM$p20130296$r2021-01-12 00:00:00$w2021-01-12$yBOO$OKoopman
=999  \\$d10917

