=LDR  01327aad a2200253   4500
=001  10920
=008  250312s1921\\\\||||||||\||||\00|\0\ger\d
=041  \\$ager
=100  \\$aSchmitz, A.$913905
=245  \\$aArchiv-Studien über die musikalischen Bestrebungen der Kölner Jesuiten im 17. Jahrhundert
=260  \\$c1921$aCologne$bArchiv für Musikwissenschaft
=300  \\$a26 pages
=490  \\$aArchiv für Musikwissenschaft $v1921 Jg.3 Heft IV Seite 421-446
=610  \0$aJesuits$1http://www.wikidata.org/entity/Q36380$921140
=648  \0$a17th Century (1601-1700)$1http://www.wikidata.org/entity/Q7016$920923
=650  \0$aMusic history$1http://www.wikidata.org/entity/Q846047$921373
=650  \0$aChurch music$1http://www.wikidata.org/entity/Q8812109$1http://www.wikidata.org/entity/Q1065742$92283
=650  \0$aSchool music$1http://www.wikidata.org/entity/Q1021290$93677
=650  \0$aMusic education$1http://www.wikidata.org/entity/Q27908$921766
=650  \0$aCounter-Reformation$1http://www.wikidata.org/entity/Q128168$92151
=651  \0$aCologne (Germany)$1http://www.wikidata.org/entity/Q365$921601
=942  \\$cBOO
=952  \\$00$10$2ddc$40$6TOP__DE_COL_5_000000000000000$70$8TOP$910907$aORPH$bORPH$cKTS0$d2021-01-12$eKoopman$i47G24$l0$oTOP.DE COL 5$p20121525$r2021-01-12 00:00:00$w2021-01-12$yBOO$OKoopman
=999  \\$d10920

