=LDR  00781    a2200169   4500
=001  10921
=005  20250120115941.0
=008  210212b\\\\\\\\\\\|||||\||||\00|\0\eng\d
=041  \\$ager
=100  \\$aSchmitz, Eugen$4aut$913906
=245  \\$aGeschichte der Kantate und des geistlichen Konzerts.$bGeschichte der weltlichen Solokantate.
=260  \\$c1966$aWiesbaden$bBreitkoph & Härtel
=300  \\$a327 pages
=942  \\$cBOO$2ddc
=952  \\$00$10$2ddc$40$6GEN_10_000000000000000$70$8GEN$910908$aORPH$bORPH$cKM12_1$d2021-01-12$eKoopman$i20E36$l0$oGEN 10$p20125398$r2021-01-12 00:00:00$w2021-01-12$yBOO
=952  \\$00$10$2ddc$40$6GEN_10_000000000000000$70$8GEN$910911$aORPH$bORPH$cKM12_1$d2021-01-12$eKoopman$i41D17$l0$oGEN 10$p20120154$r2021-01-12 00:00:00$w2021-01-12$yBOO
=999  \\$c10921$d10921

