=LDR  02052cam a2200349 a 4500
=001  10975
=008  001206s1997\\\\be\agh\\\b\\\\100\0\mul\d
=041  0\$aeng$aita$afre
=043  \\$ae-ne---$ae-be---$ae------
=245  00$aMusic fragments and manuscripts in the Low Countries ;$bAlta capella ; Music printing in Antwerp and Europe in the 16th century : colloquium proceedings, Alden Biezen 23.06.1995, Alden Biezen 24.06.1995, Antwerpen 23-25.08.1995 /$ceditors, Eugeen Schreurs, Henri Vanhulst.
=246  3\$aMusic fragments and manuscripts in the Low Countries ; Alta capella ; Music printing in Antwerp and Europe in the 16th century
=260  \\$aLeuven :$bAlamire,$cc1997.
=300  \\$a510 pages$billustrations, facsimiles, music notation
=490  \\$aYearbook of the Alamire Foundation ;$v2
=504  \\$aIncludes bibliographical references.
=546  \\$aTexts in English, French, or Italian.
=650  \0$aManuscript$1http://www.wikidata.org/entity/Q87167$92275
=650  \0$aMusic history$1http://www.wikidata.org/entity/Q846047$921373
=650  \0$aInstrumentation$1http://www.wikidata.org/entity/Q617028$923032
=650  \0$aAlta Capella$1http://www.wikidata.org/entity/Q1412422$939331
=650  \0$aMusic printing$1http://www.wikidata.org/entity/Q64416036$94007
=651  \0$aNetherlands$1http://www.wikidata.org/entity/Q55$9173
=651  \0$aFlanders (Belgium)$1http://www.wikidata.org/entity/Q234$989
=651  \0$aEurope$1http://www.wikidata.org/entity/Q46$991
=651  \0$aAntwerp (Belgium)$1http://www.wikidata.org/entity/Q12892$920974
=700  \\$aSchreurs, Eugeen$1http://www.wikidata.org/entity/Q112392908$915924
=700  \\$aVanhulst, Henri$1http://www.wikidata.org/entity/Q55947391$919134
=740  02$aAlta capella.
=740  02$aMusic printing in Antwerp and Europe in the 16th century.
=942  \\$cBOO
=952  \\$00$10$2ddc$40$6TOP_BE_FLA_0_000000000000000$70$8TOP$910962$aORPH$bORPH$cKTS0$d2021-01-12$eKoopman$i34B26$l0$oTOP BE.FLA 0$p20122590$r2021-01-12 00:00:00$w2021-01-12$yBOO$OKoopman
=999  \\$d10975

