=LDR  01363aam a2200241   4500
=001  10983
=008  250317s1934\\\\|||\||||\b|||\0||\0|ger\d
=100  \\$aSchroeder, Rudolf$d1905-1986$913955
=245  \\$aStudien zur Geschichte des Musiklebens der Stadt Dortmund$bvom frühen Mittelalter bis zum Ausgänge des 19. Jahrhunderts
=260  \\$c1934$aKassel$bBärenreiter
=300  \\$aiv-82 pages
=490  \\$aVeröffentlichungen des musikwissenschaftlichen Seminars der Westfälischen Wilhelms-Universität$v5
=648  \0$aMiddle Ages (500-1400)$1http://www.wikidata.org/entity/Q12554$920964
=648  \0$a15th Century (1401-1500)$1http://www.wikidata.org/entity/Q7018$921015
=648  \0$a16th Century (1501-1600)$1http://www.wikidata.org/entity/Q7017$920944
=648  \0$a17th Century (1601-1700)$1http://www.wikidata.org/entity/Q7016$920923
=648  \0$a18th Century (1701-1800)$1http://www.wikidata.org/entity/Q7015$920899
=648  \0$a19th Century (1801-1900)$1http://www.wikidata.org/entity/Q6955$920935
=650  \0$aMusic history$1http://www.wikidata.org/entity/Q846047$921373
=651  \0$aDortmund (Germany)$1http://www.wikidata.org/entity/Q1295$926097
=942  \\$cBOO
=952  \\$00$10$2ddc$40$6TOP_DE_DOR$70$8TOP$910970$aORPH$bORPH$cKTS0$d2021-01-12$eKoopman$i19D19$l0$oTOP DE.DOR$p20127854$r2021-01-12 00:00:00$w2021-01-12$yBOO$OKoopman
=999  \\$d10983

