=LDR  00363    a2200109   4500
=001  10986
=100  \\$aSchubert, Franz$d1797-1828$4cmp$1http://www.wikidata.org/entity/Q7312$96183
=245  \\$aFierrabras
=260  \\$cs.d.
=942  \\$cSCO
=952  \\$00$10$40$70$8SCO$910973$aORPH$bORPH$cKTS1_P$d2021-01-12$l0$p20121687$r2021-01-12 00:00:00$w2021-01-12$ySCO$OW.0218
=999  \\$c10986$d10986

