=LDR  00412    a2200121   4500
=001  10987
=020  \\$a9780486236810
=100  \\$aSchubert, Franz$d1797-1828$4cmp$1http://www.wikidata.org/entity/Q7312$96183
=245  \\$aFour Symphonies in Full Score
=260  \\$c1978
=942  \\$cSCO
=952  \\$00$10$40$70$8SCO$910974$aORPH$bORPH$cKTS1_P$d2021-01-12$l0$p20124079$r2021-01-12 00:00:00$w2021-01-12$ySCO$OW.1192
=999  \\$c10987$d10987

