=LDR  00429    a2200121   4500
=001  10989
=100  \\$aSchubert, Franz$d1797-1828$4cmp$1http://www.wikidata.org/entity/Q7312$96183
=245  \\$aKlaviersonaten Bd.2
=260  \\$cOp.164
=500  \\$aLizenznummer (DDR): 415-330/N 169/87
=942  \\$cSCO
=952  \\$00$10$40$70$8SCO$910976$aORPH$bORPH$cKTS1_P$d2021-01-12$l0$p20124033$r2021-01-12 00:00:00$w2021-01-12$ySCO$OW.1613-2
=999  \\$c10989$d10989

