=LDR  00381    a2200109   4500
=001  11017
=100  \\$aSchumann, Robert$d1810-1856$4cmp$1http://www.wikidata.org/entity/Q7351$913977
=245  \\$aDas Paradies und die Peri
=260  \\$cop.50
=942  \\$cSCO
=952  \\$00$10$40$70$8SCO$911004$aORPH$bORPH$cKTS1_P$d2021-01-12$l0$p20124043$r2021-01-12 00:00:00$w2021-01-12$ySCO$OW.1507
=999  \\$c11017$d11017

