=LDR  02117aam a2200337   4500
=001  11021
=005  20250925143259.0
=008  230822s1941\\\\|||f||||\||||\001\0dger\d
=041  \\$ager
=100  \\$aSchünemann, Georg$d1884-1945$1http://www.wikidata.org/entity/Q121675$4aut$910717
=245  \\$aDie Singakademie zu Berlin 1791 - 1941
=260  \\$c1941$aRegensburg$bBosse
=300  \\$a231 pages
=500  \\$aThe Sing-Akademie zu Berlin, also known as the Berliner Singakademie, is a musical (originally choral) society founded in Berlin in 1791 by Carl Friedrich Christian Fasch, harpsichordist to the court of Prussia, on the model of the 18th-century London Academy of Ancient Music.
=600  \0$aFasch, Carl Friedrich Christian$d1736-1800$1http://www.wikidata.org/entity/Q675033$922006
=600  \0$aZelter, Carl Friedrich$d1758-1832$1http://www.wikidata.org/entity/Q58857$922803
=600  \0$aRungenhagen, Carl Friedrich$d1778-1851$1http://www.wikidata.org/entity/Q215584$939807
=600  \0$aGrell, Eduard$d1800-1886$1http://www.wikidata.org/entity/Q216224$939808
=600  \0$aBlumner, Martin$d1827-1901$1http://www.wikidata.org/entity/Q175536$939809
=600  \0$aSchumann, Georg$d1866-1952$1http://www.wikidata.org/entity/Q534268$939810
=610  \0$aBerliner Singakademie (Berlin, Germany)$1http://www.wikidata.org/entity/Q521789$91299
=648  \0$1http://www.wikidata.org/entity/Q7015$a18th Century (1701-1800)$920899
=648  \0$1http://www.wikidata.org/entity/Q6955$a19th Century (1801-1900)$920935
=648  \0$1http://www.wikidata.org/entity/Q6927$a20th Century (1901-2000)$920936
=650  \0$1http://www.wikidata.org/entity/Q27908$aMusic education$921766
=650  \0$aMusic history$1http://www.wikidata.org/entity/Q846047$921373
=650  \0$1http://www.wikidata.org/entity/Q27939$aSinging$92767
=651  \0$1http://www.wikidata.org/entity/Q64$aBerlin (Germany)$948
=942  \\$cBOO
=952  \\$00$10$2ddc$40$6TOP_DE_BER_5_000000000000000$70$8TOP$911008$aORPH$bORPH$cKTS0$d2021-01-12$eKoopman$l0$oTOP DE.BER 5$p20123739$r2021-01-12 00:00:00$w2021-01-12$yBOO$OKoopman
=999  \\$d11021

