=LDR  01237    a2200253   4500
=001  11033
=008  210823s1980\\\\||||||||\||||\00|\0\ger\d
=100  \\$aSchwab, Heinrich W.$d1938-2025$913713
=245  \\$aKonzert.$bÖffentliche Musikdarbietung vom 17. bis 19. Jahrhundert
=250  \\$a2nd rev. ed.
=260  \\$c1980$aLeipzig$bVEB Deutscher Verlag für Musik
=300  \\$a228 pages
=490  \\$aMusikgeschichte in Bildern$vIV/2
=648  \0$a17th Century (1601-1700)$1http://www.wikidata.org/entity/Q7016$920923
=648  \0$a18th Century (1701-1800)$1http://www.wikidata.org/entity/Q7015$920899
=648  \0$a19th Century (1801-1900)$1http://www.wikidata.org/entity/Q6955$920935
=650  \0$aMusic history$1http://www.wikidata.org/entity/Q846047$921373
=650  \0$aIconography$1http://www.wikidata.org/entity/Q208145$921259
=650  \0$aIconography$1http://www.wikidata.org/entity/Q208145$921259
=650  \0$aFine art$1http://www.wikidata.org/entity/Q219625$921579
=651  \0$aEurope$1http://www.wikidata.org/entity/Q46$991
=942  \\$cBOO
=952  \\$00$10$2ddc$40$6GHM_0_000000000000000$70$8GHM$911020$aORPH$bORPH$cKM12_1$d2021-01-12$eKoopman$i25F15 IV/2$oGHM0$p20129419$r2021-01-12 00:00:00$w2021-01-12$yBOO
=999  \\$d11033

