=LDR  02001cam a22003491  4500
=001  11035
=008  720522s1971\\\\gw\afh\\\\\\\\000\0\ger\\
=100  \\$aSalmen, Walter$d1926-2013$1http://www.wikidata.org/entity/Q15454344$913760$4edt$4aut
=245  14$aDer Sozialstatus des Berufsmusikers vom 17. bis 19. Jahrhundert.$bGesammelte Beiträge im Auftrag der Gesellschaft für Musikforschung
=260  \\$aKassel$bBärenreiter$c1971
=300  \\$a146 pages
=490  \\$aMusikwissenschaftliche Arbeiten$vNr. 24
=504  \\$aIncludes bibliographical references.
=648  \0$a17th Century (1601-1700)$1http://www.wikidata.org/entity/Q7016$920923
=648  \0$a18th Century (1701-1800)$1http://www.wikidata.org/entity/Q7015$920899
=650  \0$aMusic history$1http://www.wikidata.org/entity/Q846047$921373
=650  \0$aCultural history$1http://www.wikidata.org/entity/Q858517$922395
=650  \0$aSociology$1http://www.wikidata.org/entity/Q21201$924938
=650  \0$aStadtpfeifer$1http://www.wikidata.org/entity/Q1412422$924631
=650  \0$aMusician$1http://www.wikidata.org/entity/Q639669$93574
=651  \0$aGermany$1http://www.wikidata.org/entity/Q183$9155
=651  \0$aEurope$1http://www.wikidata.org/entity/Q46$991
=700  \\$aSchwab, Heinrich W.$d1938-2025$4aut$913713
=700  \\$aKrickeberg, Dieter$1http://www.wikidata.org/entity/Q95346258$4aut$911334
=700  \\$aBraun, Werner$d1926-2012$4aut$99869
=700  \\$aPetzoldt, Richard$d1907-1974$1http://www.wikidata.org/entity/Q21416078$4aut$913250
=700  \\$aHortschansky, Klaus$1http://www.wikidata.org/entity/Q1745243$4aut$911694
=700  \\$aMahling, Christoph-Hellmut$d1932-2012$1http://www.wikidata.org/entity/Q1084426$4aut$920902
=710  \\$aGesellschaft für Musikforschung (Kassel, Germany)$91687
=942  \\$cBOO
=952  \\$00$10$2ddc$40$6TOP_DE_5_000000000000000$70$8TOP$911022$aORPH$bORPH$cKTS0$d2021-01-12$eKoopman$i42E23$l0$oTOP DE 5$p20122027$r2021-01-12 00:00:00$w2021-01-12$yBOO$OKoopman
=999  \\$d11035

