=LDR  00897cam a2200193 a 4500
=001  11041
=008  891204s1988\\\\\\\afoc\\b\\\\000\0cger\\
=041  \\$ager
=100  \\$aSchwarz, Werner$913999$4aut
=245  10$aPommersche Musikgeschichte.$bHistorischer Überblick und Lebensbilder.$nTeil I:$pHistorischer Überblick
=260  \\$aKöln$bBöhlau$c1988
=300  \\$axiii-309-[24] pages
=490  \\$aVeröffentlichungen der Historischen Kommission für Pommern$vReihe V, Band 21
=504  \\$aIncludes bibliographical references.
=650  \0$aMusic history$1http://www.wikidata.org/entity/Q846047$921373
=651  \0$aPommern (Germany)$1http://www.wikidata.org/entity/Q665867$939968
=942  \\$cBOO
=952  \\$00$10$2ddc$40$6TOP_DE_POM_0_000000000000000$70$8TOP$911028$aORPH$bORPH$cKTS0$d2021-01-12$eKoopman$i19C26$l0$oTOP DE.POM 0$p20127904$r2021-01-12 00:00:00$w2021-01-12$yBOO$OKoopman
=999  \\$d11041

