=LDR  00884nam a2200217 a 4500
=001  11047
=005  20250926134856.0
=008  890926s1988\\\\gw\\\\\\\\\\\\001\0\ger\\
=020  \\$a3761809204
=041  \\$ager
=100  \\$aSchweitzer, Albert$d1875-1965$4aut$1http://www.wikidata.org/entity/Q49325$914004
=245  10$aAufsätze zur Musik
=260  \\$aKassel$bBärenreiter$c1988
=300  \\$a254 pages
=600  \0$aBach, Johann Sebastian$d1685-1750$1http://www.wikidata.org/entity/Q1339$94766
=700  \\$aHanheide, Stefan$4edt$914005
=942  \\$cBOO
=952  \\$00$10$2ddc$40$6TRE_SCHW$70$8TRE$911034$aORPH$bORPH$cKTS1_H$d2021-01-12$eKoopman$i23B24$l0$oTRE SCHW$p20128535$r2021-01-12 00:00:00$w2021-01-12$yBOO
=999  \\$c11047$d11047
=650  \0$aMusic history$1http://www.wikidata.org/entity/Q846047$921373
=650  \0$aMusic criticism$1http://www.wikidata.org/entity/Q11748889$921598

