=LDR  00335    a2200097   4500
=001  11058
=100  \\$aSebastiani, Johann$d1622-1683$4cmp$914011
=245  \\$aDas Leyden und Sterben unsers Her
=942  \\$cSCO
=952  \\$00$10$40$70$8SCO$911045$aORPH$bORPH$cKTS1_P$d2021-01-12$l0$p20121544$r2021-01-12 00:00:00$w2021-01-12$ySCO$OW.0013-17a
=999  \\$c11058$d11058

