=LDR  01120cam a2200265 a 4500
=001  11088
=005  20251003085458.0
=008  881216s1987\\\\ne\a\\\\\b\\\\001\0\dut\\
=020  \\$a9061943663
=040  \\$aOI
=041  0\$adut$beng
=100  \\$aSelm, B. van$d1945-1991$914031
=245  14$aEen menighte treffelijcke boecken :$bNederlandse boekhandelscatalogi in het begin van de zeventiende eeuw /$cB. van Selm.
=260  \\$aUtrecht :$bHES,$c1987.
=300  \\$axii, 432 p. :$bill. ;$c25 cm.
=504  \\$aBibliography: p. [382]-397.
=648  \0$a17th Century (1601-1700)$1http://www.wikidata.org/entity/Q7016$920923
=650  \0$aAuction$1http://www.wikidata.org/entity/Q177923$93849
=650  \0$aBook$1http://www.wikidata.org/entity/Q571$92285
=650  \0$aTranslation$1http://www.wikidata.org/entity/Q7553$92492
=650  \0$aCatalogue$1http://www.wikidata.org/entity/Q2352616$921484
=651  \0$aNetherlands$1http://www.wikidata.org/entity/Q55$9173
=942  \\$cBOO
=952  \\$00$10$40$70$911075$aORPH$bORPH$cLOC_UNK$d2021-01-12$l0$p20128256$r2021-01-12 00:00:00$w2021-01-12$yTYPE_UNK$OKoopman
=999  \\$d11088

