=LDR  01120cam a2200241 a 4500
=001  11089
=005  20250120115851.0
=008  930414s1992\\\\ne\a\\\\\b\\\\000\0\dut\\
=020  \\$a907038647X
=040  \\$aOI
=100  1\$aSelm, B. van$q(Bertus),$d1945-1991.
=245  10$aInzichten en vergezichten :$bzes beschouwingen over het onderzoek naar de geschiedenis van de Nederlandse boekhandel /$cBert van Selm ; bewerkt en van noten voorzien door Hannie van Goinga en Paul Hoftijzer met een bibliografie van de auteur, samengesteld door Piet Verkruijsse.
=260  \\$aAmsterdam :$bBuitenkant,$cc1992.
=300  \\$a124 p. :$bill. ;$c23 cm.
=504  \\$aIncludes bibliographical references.
=650  \0$aBook industries and trade$zNetherlands$xHistory.
=650  \0$aBooks and reading$zNetherlands$xHistory.
=700  1\$aGoinga, Hannie van.
=700  1\$aHoftijzer, P. G.$q(Paul Gerardus)
=952  \\$00$10$40$70$911076$aORPH$bORPH$cLOC_UNK$d2021-01-12$l0$p20122609$r2021-01-12 00:00:00$w2021-01-12$yTYPE_UNK$OKoopman
=999  \\$c11089$d11089
=651  \0$aNetherlands$1http://www.wikidata.org/entity/Q55$9173
=942  \\$cBOO

