=LDR  01648aam a2200289   4500
=001  11090
=008  250624s2010\\\\|||ga|||\b|||\00|\0\eng\d
=041  \\$aeng
=100  \\$aSequera, Hector$914032$4aut
=245  \\$aHouse Music for Recusants in Elizabethan England:$bPerformance Practice in the music collection of Edward Paston (1550-1630)
=260  \\$c2010$aBirmingham$bUniversity of Birmingham, Department of music
=300  \\$axii-196 pages
=590  \\$aA thesis submitted to The University of Birmingham for the degree of Doctor in the Philosophy
=600  \0$aPaston, Edward$d1550-1630$1http://www.wikidata.org/entity/Q18528336$940442
=648  \0$a16th Century (1501-1600)$1http://www.wikidata.org/entity/Q7017$920944
=648  \0$a17th Century (1601-1700)$1http://www.wikidata.org/entity/Q7016$920923
=650  \0$aPerformance$1http://www.wikidata.org/entity/Q6942562$926223
=650  \0$aLute$1http://www.wikidata.org/entity/Q180733$93944
=650  \0$aIntabulation$1http://www.wikidata.org/entity/Q2894375$939323
=650  \0$aMusic history$1http://www.wikidata.org/entity/Q846047$921373
=650  \0$aSociety$1http://www.wikidata.org/entity/Q8425$94658
=650  \0$aRecusancy$1http://www.wikidata.org/entity/Q286321$940443
=650  \0$aDomestic music-making$1http://www.wikidata.org/entity/Q113967375$926204
=651  \0$aUnited Kingdom$1http://www.wikidata.org/entity/Q21$1http://www.wikidata.org/entity/Q145$9273
=942  \\$cDIS
=952  \\$00$10$2ddc$40$6TOP_GB_4_000000000000000$70$8TOP$911077$aORPH$bORPH$cKTS0$d2021-01-12$eKoopman$i46B03$l0$oTOP GB 4$p20127624$r2021-01-12 00:00:00$w2021-01-12$yDIS$OKoopman
=999  \\$d11090

