=LDR  01111cam a2200253 a 4500
=001  11091
=005  20250120115943.0
=008  000620r20001960nyu\\\\\\\\\\\000\1\eng\\
=020  \\$a0940322552 (alk. paper)
=040  \\$aOI
=041  1\$aeng$hger
=100  \\$aJünger, Ernst$d1895-1998$914033
=240  10$9917$aGläserne Bienen.$lEnglish
=245  14$aThe glass bees /$cErnst Jünger ; translated by Louise Bogan and Elizabeth Mayer ; introduction by Bruce Sterling.
=260  \\$aNew York :$bNew York Review Books,$c2000.
=300  \\$axii, 209 p. ;$c21 cm.
=700  \\$aBogan, Louise$d1897-1970$914034
=700  \\$aMayer, Elizabeth$914035
=856  \\$uhttp://www.loc.gov/catdir/enhancements/fy0643/00010121-d.html$3Publisher description
=942  \\$cBOO
=952  \\$00$10$2ddc$40$70$911078$aORPH$bORPH$cLOC_UNK$d2021-01-12$l0$r2021-01-12 00:00:00$w2021-01-12$yBOO
=952  \\$00$10$2ddc$40$70$923773$aORPH$bORPH$cLOC_UNK$d2021-01-12$l0$r2021-01-12 00:00:00$w2021-01-12$yBOO
=952  \\$00$10$2ddc$40$70$924011$aORPH$bORPH$cLOC_UNK$d2021-01-12$l0$r2021-01-12 00:00:00$w2021-01-12$yBOO
=999  \\$c11091$d11091

