=LDR  00665aam a2200145   4500
=001  11109
=100  \\$aShapiro, Y.$914049
=245  \\$aHermitage,$ban illustrated guide
=260  \\$aSaint Petersburg$bAurora Art Publishers$c1983
=610  \0$aHermitage Museum (Saint Petersburg, Russia)$1http://www.wikidata.org/entity/Q132783$924320
=650  \0$aMuseum$1http://www.wikidata.org/entity/Q33506$93137
=651  \0$aSaint Petersburg (Russia)$1http://www.wikidata.org/entity/Q656$923056
=942  \\$cBOO
=952  \\$00$10$2ddc$40$6VIS_SHAP$70$8VIS$911096$aORPH$bORPH$cKTS1_H$d2021-01-12$eKoopman$i18D36$l0$oVIS SHAP$p20125037$r2021-01-12 00:00:00$w2021-01-12$yBOO$OKoopman
=999  \\$d11109

