=LDR  01062cam a2200253 a 4500
=001  11117
=005  20251001162312.0
=008  010504s2001\\\\enk\\\\\\b\\\\001\0\eng\\
=020  \\$a0198162057
=040  \\$aOI
=041  \\$aeng
=245  00$aMusic as Concept and Practice in the Late Middle Ages
=260  \\$aOxford$aNew York$bOxford University Press$c2001
=300  \\$axxxi-460 pages$billustrations$c26 cm
=490  1\$aThe New Oxford History of Music$v1
=504  \\$aIncludes bibliographical references (p. [407]-443) and index.
=648  \0$aMiddle Ages (500-1400)$1http://www.wikidata.org/entity/Q12554$920964
=650  \0$aMusic history$1http://www.wikidata.org/entity/Q846047$921373
=650  \0$aMusic philosophy and aesthetics$1http://www.wikidata.org/entity/Q2092865$921165
=700  \\$aStrohm, Reinhard$d1942-$4edt$918985
=700  \\$aBlackburn, Bonnie J.$4edt$912487
=942  \\$cBOO
=952  \\$00$10$2ddc$40$6GHM_0_000000000000000$70$8GHM$911104$aORPH$bORPH$cKM12_1$d2021-01-12$oGHM0$p20121996$r2021-01-12 00:00:00$w2021-01-12$yBOO
=999  \\$d11117

