=LDR  01122cam a2200265 a 4500
=001  11119
=005  20250120120215.0
=008  860211s1985\\\\it\a|\\\\bc\\\000\0\ita\\
=020  \\$a8843511785
=040  \\$aOI
=041  \\$aita
=245  00$aCinque secoli di stampa musicale in Europa
=260  \\$aNapoli$bElecta$c1985
=300  \\$a299 p., [12] p. of plates $bill. (some col.) ;$c25 cm.
=504  \\$aBibliography: p. 295-299.
=650  \0$aMusic printing$1http://www.wikidata.org/entity/Q64416036$94007
=650  \0$aPublishing$1http://www.wikidata.org/entity/Q3972943$93049
=650  \0$aFine art$1http://www.wikidata.org/entity/Q219625$921579
=700  \\$aCassani, Silvia$4edt$914058
=700  \\$aBevilacqua, Nerina$914059$4edt
=710  \\$aMuseo di Palazzo Venezia (Rome, Italy)$91574
=710  \\$aAccademia Nazionale di Santa Cecilia (Rome, Italy)$1http://www.wikidata.org/entity/Q181410$91284
=942  \\$cBOO
=952  \\$00$10$2ddc$40$6BIB_3_000000000000000_CASS$70$8BIB$911106$aORPH$bORPH$cKTS0$d2021-01-12$eKoopman$i19D05$l0$oBIB3 CASS$p20127868$r2021-01-12 00:00:00$w2021-01-12$yBOO$OKoopman
=999  \\$d11119

