=LDR  00945aam a2200205   4500
=001  11130
=005  20251003085458.0
=008  221006s2005\\\\||||||||\||||\00|\0\ger\d
=041  \\$ager
=100  \\$aSighem, B. van$4aut$914070
=245  \\$aMusica in Bildern:$bDruckgraphik von Meisterhand. Katalog zur Ausstellung Stadtmuseum Lindau 2005
=260  \\$aLindau$bEschbaumer$c2005
=500  \\$aExhibition catalog of Ton Koopman's collection of prints
=650  \0$aMusic history$1http://www.wikidata.org/entity/Q846047$921373
=650  \0$aIconography$1http://www.wikidata.org/entity/Q208145$921259
=650  \0$aCatalogue$1http://www.wikidata.org/entity/Q2352616$921484
=700  \\$4col$aKoopman, Ton$d1944-$1http://www.wikidata.org/entity/Q445121$910491
=942  \\$cBOO
=952  \\$00$10$2ddc$40$6VIS_HEIL$70$8VIS$911117$aORPH$bORPH$cKTS1_H$d2021-01-12$eKoopman$i33E07$l0$oVIS HEIL$p20122982$r2021-01-12 00:00:00$w2021-01-12$yBOO$OKoopman
=999  \\$d11130

