=LDR  00891cam a2200217 p 4500
=001  11137
=005  20250120115944.0
=008  771207s1976\\\\ne\af\\\\bc\\\000\0\dut\\
=015  \\$aNe76-23
=020  \\$a9061070414 :$cfl 55.00
=040  \\$aOI
=100  \\$aSillevis, John$914074
=245  10$aDoor Holland met de trekschuit :$been tocht langs Hollandse steden en dorpen met de 18de eeuwse kunstenaarsfamilie La Fargue /$cJohn Sillevis.
=260  \\$aUtrecht :$bWesters,$c1976.
=300  \\$a[14] p., [85] leaves of plates :$bill. ;$c26 x 28 cm.
=504  \\$aBibliography: leaf [85]
=610  \0$aLa Fargue family$1http://www.wikidata.org/entity/Q103946590$922330
=651  \0$aNetherlands$1http://www.wikidata.org/entity/Q55$9173
=942  \\$cBOO
=952  \\$00$10$40$70$911124$aORPH$bORPH$cLOC_UNK$d2021-01-12$l0$p20120535$r2021-01-12 00:00:00$w2021-01-12$yTYPE_UNK$OKoopman
=999  \\$c11137$d11137

