=LDR  01099nam a2200241 a 4500
=001  11140
=005  20250120120002.0
=008  950511s1992\\\\it\a\\\\\bc\\\001\0\ita\\
=020  \\$a8871250621
=040  \\$aOI
=100  \\$aSimi Bonini, Eleonora$4aut$914079
=245  13$aIl fondo musicale dell'Arciconfraternita di S. Girolamo della Carità
=260  \\$aRome$bMinistero per i beni culturali e ambientali, Ufficio centrale per i beni archivistici,$c1992.
=300  \\$a229 p. :$bill. ;$c24 cm.
=490  1\$aCataloghi di fondi musicali italiani ;$aQuaderni della Rassegna degli archivi di Stato ;$v15$v69
=504  \\$aIncludes bibliographical references (p. 9-15) and indexes.
=610  \0$aArciconfraternita di S. Girolamo della Carità$91579
=650  \0$aManuscript$1http://www.wikidata.org/entity/Q87167$92275
=651  \0$aItaly$1http://www.wikidata.org/entity/Q38$922
=710  \\$aArciconfraternita di S. Girolamo della Carità$91579
=942  \\$cBOO
=952  \\$00$10$40$70$911127$aORPH$bORPH$cLOC_UNK$d2021-01-12$l0$p20120740$r2021-01-12 00:00:00$w2021-01-12$yTYPE_UNK$OKoopman
=999  \\$d11140

