=LDR  00849nam a2200217 a 4500
=001  11148
=005  20250120115944.0
=008  900510s1982\\\\ne\a\\\\\b\\\\001\0\dut\\
=020  \\$a9024790921
=040  \\$aOI
=100  \\$aSlechte, C. H.$914087
=245  15$a"Een noodlottig jaar voor veel zotte en wijze" :$bde Rotterdamse windhandel van 1720 /$cC.H. Slechte.
=260  \\$a's-Gravenhage :$bNijhoff,$c1982.
=300  \\$avii, 167 p. :$bill. ;$c20 cm.
=504  \\$aBibliography: p. 147-149.
=651  \0$aRotterdam (Netherlands)$1http://www.wikidata.org/entity/Q34370$962
=651  \0$aNetherlands$1http://www.wikidata.org/entity/Q55$9173
=942  \\$cBOO
=952  \\$00$10$40$70$911135$aORPH$bORPH$cLOC_UNK$d2021-01-12$l0$p20128975$r2021-01-12 00:00:00$w2021-01-12$yTYPE_UNK$OKoopman
=999  \\$c11148$d11148
=490  \\$aNijhoffs historische monografieën

