=LDR  01116cam a22002534a 4500
=001  11149
=005  20250120115944.0
=008  010628s2002\\\\enka\\\\\b\\\\001\0\eng\\
=020  \\$a0860788695 (alk. paper)
=040  \\$aOI
=100  \\$aSlim, H. Colin$914088
=245  10$aPainting music in the sixteenth century :$bessays in iconography /$cH. Colin Slim.
=246  30$aPainting music in the 16th century
=260  \\$aAldershot ;$aBrookfield, USA :$bAshgate,$cc2002.
=300  \\$a1 v. (various pagings) :$bill. ;$c25 cm.
=490  1\$aVariorum collected studies series ;$vCS727
=504  \\$aIncludes bibliographical references and index.
=650  \0$aIconography$1http://www.wikidata.org/entity/Q208145$921259
=650  \0$aMusic history$1http://www.wikidata.org/entity/Q846047$921373
=830  \0$9927$aCollected studies ;$vCS727.
=942  \\$cBOO
=952  \\$00$10$2ddc$40$6VIS_SLIM$70$8VIS$911136$aORPH$bORPH$cKTS1_H$d2021-01-12$eKoopman$i45A20$l0$oVIS SLIM$p20127428$r2021-01-12 00:00:00$w2021-01-12$yBOO$OKoopman
=999  \\$c11149$d11149
=650  \0$aMusic history$1http://www.wikidata.org/entity/Q846047$921373

