=LDR  01167cam a2200301 i 4500
=001  11151
=005  20250120120226.0
=008  120314t20122012ne\a\\\\\b\\\\000\0\dut\c
=010  \\$a  2012466020
=020  \\$a9789460040702
=035  \\$a(OCoLC)ocn701796796
=040  \\$aERASA$beng$cERASA$erda$dOHX$dCGU$dCDX$dDEBSZ$dUKMGB$dDLC
=042  \\$apcc
=043  \\$ae-ne---
=100  \\$aSloos, Louis Ph.$914090
=245  10$aGewapend met kennis :$b500 jaar militaire boekcultuur in Nederland /$cLouis Ph. Sloos.
=264  \1$aNijmegen :$bUitgeverij Vantilt,$c[2012]
=300  \\$a539 pages :$billustrations (some color) ;$c25 cm
=336  \\$atext$2rdacontent
=337  \\$aunmediated$2rdamedia
=338  \\$avolume$2rdacarrier
=504  \\$aIncludes bibliographical references and index.
=650  \0$aLibrary$1http://www.wikidata.org/entity/Q7075$94229
=650  \0$aMilitary history$1http://www.wikidata.org/entity/Q192781$93874
=651  \0$aNetherlands$1http://www.wikidata.org/entity/Q55$9173
=942  \\$cBOO
=952  \\$00$10$40$70$911138$aORPH$bORPH$cLOC_UNK$d2021-01-12$l0$p20127671$r2021-01-12 00:00:00$w2021-01-12$yTYPE_UNK$OKoopman
=999  \\$c11151$d11151

