=LDR  01262cam a2200289 a 4500
=001  11152
=005  20250120115911.0
=008  890127s1988\\\\ne\a\\\\\bc\\\000\0\dut\\
=020  \\$a9066301414
=020  \\$a9066301406 (pbk.)
=040  \\$aOI
=041  0\$adut$beng
=245  00$aLeidse fijnschilders :$bvan Gerrit Dou tot Frans van Mieris de Jonge 1630-1760 /$credactie, Eric J. Sluijter, Marlies Enklaar, Paul Nieuwenhuizen.
=260  \\$aZwolle :$bWaanders ;$aLeiden :$bStedelijk Museum De Lakenhal,$cc1988.
=300  \\$a296 p. :$bill. (some col.) ;$c29 cm.
=504  \\$aBibliography: p. 270-280.
=650  \0$aFine art$1http://www.wikidata.org/entity/Q219625$921579
=650  \0$aFine art$1http://www.wikidata.org/entity/Q219625$921579
=700  \\$aSluijter, Eric Jan$d-1946$914091
=700  \\$aEnklaar, Marlies$914092
=700  \\$aNieuwenhuizen, Paul$914093
=710  \\$aStedelijk Museum "De Lakenhal" (Leiden, Netherlands)$91580
=942  \\$cBOO
=952  \\$00$10$40$70$911139$aORPH$bORPH$cLOC_UNK$d2021-01-12$l0$p20125184$r2021-01-12 00:00:00$w2021-01-12$yTYPE_UNK$OKoopman
=999  \\$c11152$d11152
=651  \0$aNetherlands$1http://www.wikidata.org/entity/Q55$9173
=648  \0$a17th Century (1601-1700)$1http://www.wikidata.org/entity/Q7016$920923

