=LDR  01107aam a2200229   4500
=001  11156
=008  240422s2000\\\\|||acoj|\||||\00|\0ddut\d
=041  \\$adut
=100  \\$aSmedt, Flor de$914098$4aut
=245  \\$aHet manuaal van Peeter Verhasselt, pastoor van Mazenzele 1538-1557:$bhet landelijke leven in de 16e eeuw
=260  \\$c2000$aAsse$bHeemskring Ascania Asse
=300  \\$a700 pages
=490  \\$aAscania bibliotheek$v69
=648  \0$1http://www.wikidata.org/entity/Q7017$a16th Century (1501-1600)$920944
=650  \0$1http://www.wikidata.org/entity/Q858517$aCultural history$922395
=650  \0$aBookkeeping$1http://www.wikidata.org/entity/Q3707847$939368
=650  \0$aDiary$1http://www.wikidata.org/entity/Q185598$921711
=650  \0$aReligion$1http://www.wikidata.org/entity/Q9174$93062
=651  \0$aMazenzele (Opwijk, Belgium)$1http://www.wikidata.org/entity/Q2166865$939411
=942  \\$cBOO
=952  \\$00$10$2ddc$40$6TOP_BE_MAZ_4_000000000000000$70$8TOP$911143$aORPH$bORPH$cKTS0$d2021-01-12$eKoopman$i42B18$l0$oTOP BE.MAZ 4$p20120076$r2021-01-12 00:00:00$w2021-01-12$yBOO$OKoopman
=999  \\$d11156

