=LDR  01016nam a2200241 a 4500
=001  11157
=005  20250120120150.0
=008  930726s1993\\\\ne\\\\\\\b\\\\000\0\dut\\
=020  \\$a9050303366
=040  \\$aOI
=100  \\$aSmelik, J.,$d-1961$914099
=245  10$a"O sangerige keeltjes!" :$bde liedcultuur en het muziekleven in de Noordelijke Nederlanden tussen 1550 en 1650 /$cJ. Smelik.
=260  \\$aLeiden :$bJ.J. Groen,$c1993.
=300  \\$a100 p. ;$c22 cm.
=504  \\$aIncludes bibliographical references (p. 97-99).
=650  \0$aVocal music$1http://www.wikidata.org/entity/Q685884$93319
=650  \0$aVocal music$1http://www.wikidata.org/entity/Q685884$93319
=942  \\$cBOO
=952  \\$00$10$40$70$911144$aORPH$bORPH$cLOC_UNK$d2021-01-12$l0$p20122432$r2021-01-12 00:00:00$w2021-01-12$yTYPE_UNK$OKoopman
=999  \\$c11157$d11157
=490  \\$aTransparant reeks,
=651  \0$aNetherlands$1http://www.wikidata.org/entity/Q55$9173
=648  \0$a17th Century (1601-1700)$1http://www.wikidata.org/entity/Q7016$920923

