=LDR  01258cam a2200325 a 4500
=001  11158
=005  20250120115851.0
=008  990128s1997\\\\ne\a\\\\\b\\\\001\0\dut\d
=035  \\$a(DLC)   99166747
=010  \\$a   99166747 
=020  \\$a9012085179
=035  \\$a(OCoLC)38344715
=040  \\$aWAU$cWAU$dDLC
=041  0\$adut$bger
=042  \\$alccopycat
=043  \\$ae-ne---
=100  \\$aSmelik, J.,$d-1961$914099
=245  10$aEén in lied en leven :$bhet stichtelijk lied bij Nederlandse protestanten tussen 1866 en 1938 /$cJan Smelik.
=260  \\$aDen Haag :$bSdu Uitgevers,$c1997.
=300  \\$axii, 516 p. :$bill. ;$c24 cm.
=546  \\$aSummary in German.
=504  \\$aIncludes bibliographical references (p. 479-506) and index.
=650  \0$aProtestantism$1http://www.wikidata.org/entity/Q23540$921012
=650  \0$aHymn$1http://www.wikidata.org/entity/Q484692$921333
=651  \0$aNetherlands$1http://www.wikidata.org/entity/Q55$9173
=942  \\$cBOO
=952  \\$00$10$40$70$911145$aORPH$bORPH$cLOC_UNK$d2021-01-12$l0$p20122030$r2021-01-12 00:00:00$w2021-01-12$yTYPE_UNK$OKoopman
=999  \\$c11158$d11158
=490  \\$aNederlandse cultuur in Europese context.$v9
=650  \0$aMusic history$1http://www.wikidata.org/entity/Q846047$921373

