=LDR  01147aam a2200229   4500
=001  11166
=008  250116s1979\\\\|||ao|||\||||\00|\0ddut\d
=041  \\$adut
=100  \\$aSmeyers, Maurits$d1937-1999$1http://www.wikidata.org/entity/Q2873308$914103
=245  \\$aDe Abdij van Park.$b850 jaar Premonstratenzerleven
=260  \\$c1979$aLeuven$bv.z.w. De vrienden van de Abdij van Park
=300  \\$a47 pages
=610  \0$aAbdij van Park (Leuven, Belgium)$1http://www.wikidata.org/entity/Q476178$939416
=610  20$aPremonstratensians$1http://www.wikidata.org/entity/Q339332$926861
=648  \0$aPast$1http://www.wikidata.org/entity/Q192630$922196
=650  \0$aMonastery$1http://www.wikidata.org/entity/Q44613$926216
=650  \0$aHistory$1http://www.wikidata.org/entity/Q309$921403
=650  \0$aCatholicism$1http://www.wikidata.org/entity/Q1841$921631
=651  \0$aLeuven (Belgium)$1http://www.wikidata.org/entity/Q118958$926817
=942  \\$cBOO
=952  \\$00$10$2ddc$40$6TOP_BE_LEU_0_000000000000000$70$8TOP$911153$aORPH$bORPH$cKTS0$d2021-01-12$eKoopman$i47B06$l0$oTOP BE.LEU 0$p20121508$r2021-01-12 00:00:00$w2021-01-12$yBOO$OKoopman
=999  \\$d11166

