=LDR  00315    a2200109   4500
=001  11174
=100  \\$aSmit, J. P. W. A.$914109
=245  \\$aPrijsbanden
=260  \\$c1964
=942  \\$cBOO
=952  \\$00$10$40$70$911161$aORPH$bORPH$cLOC_UNK$d2021-01-12$l0$p20129319$r2021-01-12 00:00:00$w2021-01-12$yTYPE_UNK$OKoopman
=999  \\$c11174$d11174

