=LDR  01027cam a2200265 a 4500
=001  11176
=005  20250109133259.0
=008  100222s2011\\\\nyuag\\\\b\\\\001\0\eng\\
=015  \\$aGBB0B0159$2bnb
=016  7\$a015648911$2Uk
=020  \\$a9780199742622 (hardback)
=020  \\$a0199742626 (hardback)
=020  \\$a9780199742615 (pbk.)
=020  \\$a0199742618 (pbk.)
=040  \\$aOI
=041  \\$aeng
=100  \\$aSmith, Anne$d1951-$4aut$914111
=245  14$aThe Performance of 16th-Century Music. Learning from the Theorists
=260  \\$aNew York$bOxford University Press$cc2011
=300  \\$ax, 244 pages.$bill., music ;$c24 cm.
=504  \\$aIncludes bibliographical references (p. 233-239) and index.
=650  \0$aHistorically informed performance$1http://www.wikidata.org/entity/Q1344860$920980
=942  \\$cBOO$2ddc
=952  \\$00$10$2ddc$40$6MTP_2_000000000000000_SMIT$70$8MTP$911163$aORPH$bORPH$cKM12_1$d2021-01-12$eKoopman$i43B27$l0$oMTP 2 SMIT$p20127225$r2021-01-12 00:00:00$w2021-01-12$yBOO
=999  \\$c11176$d11176

