=LDR  01109cam a2200229 i 4500
=001  11182
=003  OSt
=005  20250120115916.0
=008  760907m19772000ncua\\\\\b\\\\001\0\eng\\
=020  \\$a0807812749 (v. 1)
=040  \\$aOI
=041  \\$aeng
=100  1\$914117$aSmither, Howard E.$4aut
=245  12$aA history of the Oratorio. Volume I. The Oratorio in the baroque era: Italy, Vienna, Paris.$cby Howard E. Smither.
=260  \\$aChapel Hill :$bUniversity of North Carolina Press,$cc1977-c2000.
=300  \\$a480 pages$bill. ;$c25 cm.
=504  \\$aIncludes bibliographies and indexes.
=505  0\$av. 1. The oratorio in the baroque era : Italy, Vienna, Paris -- v. 2. The oratorio in the baroque era : Protestant Germany and England -- v. 3. The oratorio in the classical era -- v. 4. The oratorio in the nineteenth and twentieth centuries.
=650  \0$aOratorio$1http://www.wikidata.org/entity/Q85477$91825
=942  \\$cBOO$2ddc
=952  \\$00$10$2ddc$40$6GEN_7_000000000000000$70$8GEN$911169$aORPH$bORPH$cKM12_1$d2021-01-12$l0$oGEN 7$p20128924$r2021-01-12 00:00:00$w2021-01-12$yBOO
=999  \\$c11182$d11182

