=LDR  01042aam a2200217   4500
=001  11189
=008  210823t1986\\\\||||||||\||||\00|\0\ger\d
=020  \\$a3370001888
=100  \\$aSmits van Waesberghe, Joseph$d1901-1986$4aut$1http://www.wikidata.org/entity/Q3439934$918704
=245  \\$aMusikerziehung,$b Lehre und Theorie der Musik in Mittelalter
=260  \\$c1986$aLeipzig$bVEB Deutscher Verlag für Musik
=300  \\$a204 pages
=490  \\$aMusikgeschichte in Bildern$vIII/3
=648  \0$aMiddle Ages (500-1400)$1http://www.wikidata.org/entity/Q12554$920964
=650  \0$aIconography$1http://www.wikidata.org/entity/Q208145$921259
=650  \0$aMusic theory$1http://www.wikidata.org/entity/Q193544$92662
=650  \0$aMusic education$1http://www.wikidata.org/entity/Q27908$921766
=651  \0$aEurope$1http://www.wikidata.org/entity/Q46$991
=942  \\$cBOO
=952  \\$00$10$2ddc$40$6GHM_0_000000000000000$70$8GHM$911176$aORPH$bORPH$cKM12_1$d2021-01-12$eKoopman$i25F15 III/3$oGHM0$p20129421$r2021-01-12 00:00:00$w2021-01-12$yBOO
=999  \\$d11189

