=LDR  01241cam a2200289 a 4500
=001  11195
=005  20250120120240.0
=008  970630s1996\\\\ne\\\\\\\b\\\\001\0\dut\\
=020  \\$a9039107254
=040  \\$aOI
=041  0\$adut$beng
=100  \\$aSneller, A. Agnes$913596
=245  10$aMet man en macht :$banalyse en interpretatie van teksten van en over vrouwen in de vroegmoderne tijd /$cA. Agnes Sneller.
=260  \\$aKampen :$bKok Agora,$cc1996.
=300  \\$a279 p. ;$c22 cm.
=546  \\$aSummary in English.
=504  \\$aIncludes bibliographical references (p. [250]-265) and index.
=650  \0$aLiterature$1http://www.wikidata.org/entity/Q8242$94439
=650  \0$aLiterature$1http://www.wikidata.org/entity/Q8242$94439
=650  \0$aTravel$1http://www.wikidata.org/entity/Q61509$94440
=650  \0$aLiterature$1http://www.wikidata.org/entity/Q8242$94439
=650  \0$aLiterature$1http://www.wikidata.org/entity/Q8242$94439
=650  \0$aLiterature$1http://www.wikidata.org/entity/Q8242$94439
=942  \\$cBOO
=952  \\$00$10$40$70$911182$aORPH$bORPH$cLOC_UNK$d2021-01-12$l0$p20122147$r2021-01-12 00:00:00$w2021-01-12$yTYPE_UNK$OKoopman
=999  \\$c11195$d11195
=651  \0$aNetherlands$1http://www.wikidata.org/entity/Q55$9173

