=LDR  00536    a2200181   4500
=001  11203
=003  OSt
=005  20230123100108.0
=008  210208b\\\\\\\\\\\|||||\||||\00|\0\eng\d
=040  \\$cST
=041  \\$ager
=100  \\$aSöhner, P. L.$4aut$914131
=245  \\$aDie Geschichte der Begleitung des gregorianischen Chorals
=260  \\$c1931
=300  \\$a234 pages
=942  \\$cBOO$2ddc
=952  \\$00$10$2ddc$40$6GEN$70$8GEN$911190$aORPH$bORPH$cKM12_1$d2021-01-12$l0$oGEN$p20127949$r2021-01-12 00:00:00$w2021-01-12$yBOO
=999  \\$c11203$d11203

