=LDR  00337    a2200121   4500
=001  11219
=020  \\$a9789059942721
=100  \\$aSouer, H.$914142
=245  \\$aGevelstenen
=260  \\$c2010
=942  \\$cBOO
=952  \\$00$10$40$70$911206$aORPH$bORPH$cLOC_UNK$d2021-01-12$l0$p20127314$r2021-01-12 00:00:00$w2021-01-12$yTYPE_UNK$OKoopman
=999  \\$c11219$d11219

