=LDR  01004aam a2200229   4500
=001  11226
=005  20251003085458.0
=008  230329s2002\\\\||||||||\c|||\00|\0\dut\d
=020  \\$a9789065507242
=041  \\$adut
=100  \\$aSpaendonck, H. A. van$914147$4edt
=245  \\$aCatalogus van de Arnhemse drukken tot 1800 aanwezig in de Bibliotheek Arnhem 
=260  \\$c2002$aArnhem$bVerloren
=300  \\$a412 pages
=648  \0$a17th Century (1601-1700)$1http://www.wikidata.org/entity/Q7016$920923
=648  \0$a18th Century (1701-1800)$1http://www.wikidata.org/entity/Q7015$920899
=650  \0$aCatalogue$1http://www.wikidata.org/entity/Q2352616$921484
=650  \0$aLibrary$1http://www.wikidata.org/entity/Q7075$94229
=651  \0$aArnhem (Netherlands)$1http://www.wikidata.org/entity/Q12269651$923740
=942  \\$cBOO
=952  \\$00$10$2ddc$40$6BIB_4_000000000000000_NL_ARN$70$8BIB$911213$aORPH$bORPH$cKTS0$d2021-01-12$l0$oBIB4 NL.ARN$p20123154$r2021-01-12 00:00:00$w2021-01-12$yBOO$OKoopman
=999  \\$d11226

