=LDR  01276aam a2200253   4500
=001  11241
=005  20251003085458.0
=008  250106s2000\\\\|||oa|||\||||\00|\0\dut\d
=022  \\$a07790627
=041  \\$adut
=245  \\$aProvinciale Commissie voor geschiedenis en cultuur$bJaarboek X: 1998-1999
=260  \\$c2000$aAntwerp$bProvinciebestuur van Antwerpen
=300  \\$a171 pages
=500  \\$aContains article by G. Spiessens "Zeven muziekinventarissen van de Antwerpse Sint-Jacobskerk 1677-1755" (p. 5-45)
=610  \0$aSint-Jacobskerk (Anwerp, Belgium)$939364
=648  \0$a17th Century (1601-1700)$1http://www.wikidata.org/entity/Q7016$920923
=648  \0$a18th Century (1701-1800)$1http://www.wikidata.org/entity/Q7015$920899
=650  \0$aCatalogue$1http://www.wikidata.org/entity/Q2352616$1http://www.wikidata.org/entity/Q6941730$921484
=650  \0$aMusic history$1http://www.wikidata.org/entity/Q846047$921373
=651  \0$aAntwerp (Belgium)$1http://www.wikidata.org/entity/Q12892$920974
=700  \\$aSpiessens, Godelieve$d1932-2020$4aut$914162
=942  \\$cBOO
=952  \\$00$10$2ddc$40$6TOP_BE_FLA_0_000000000000000$70$8TOP$911228$aORPH$bORPH$cKTS0$d2021-01-12$eKoopman$i45G04$l0$oTOP BE.FLA 0$p20127562$r2021-01-12 00:00:00$w2021-01-12$yBOO$OKoopman
=999  \\$d11241

