=LDR  02040cam a2200361   4500
=001  11245
=008  740403s1974\\\\enkagc\\\b\\\\001\0\eng\|
=041  \\$aeng
=100  \\$aSpink, Ian$914164$4aut
=245  10$aEnglish song, Dowland to Purcell.
=260  \\$aLondon$bBatsford$c1974
=300  \\$a312 pages
=504  \\$aBibliography: p. 261-288.
=520  \\$aLutesong and continuo song - The court ayre - Interlude and interregnum - Songs of the Restoration court and stage - Orpheus Britannicus and Amphion Anglicus
=600  \0$aDowland, John$d1563?-1626$1http://www.wikidata.org/entity/Q207355$921458
=600  \0$aPurcell, Henry$d1659-1695$1http://www.wikidata.org/entity/Q9695$95840
=600  \0$aLawes, Henry$d1596-1662$1http://www.wikidata.org/entity/Q1349837$922914
=600  \0$aLanier, Nicholas$d1588-1666$1http://www.wikidata.org/entity/Q711411$941175
=600  \0$aBlow, John$d1649-1708$1http://www.wikidata.org/entity/Q311110$99684
=600  \0$aLocke, Matthew$d1621-1677$1http://www.wikidata.org/entity/Q947941$912448
=600  \0$aLawes, William$d1602-1645$1http://www.wikidata.org/entity/Q540025$912310
=600  \0$aWilson, John$d1595-1674$1http://www.wikidata.org/entity/Q6264515$921444
=648  \0$a17th Century (1601-1700)$1http://www.wikidata.org/entity/Q7016$920923
=650  \0$aSong$1http://www.wikidata.org/entity/Q7366$94164
=650  \0$aLute$1http://www.wikidata.org/entity/Q180733$93944
=650  \0$aBasso continuo$1http://www.wikidata.org/entity/Q724321$921065
=650  \0$aCourt$1http://www.wikidata.org/entity/Q1134237$922191
=650  \0$aMusic theater$1http://www.wikidata.org/entity/Q96394452$92065
=650  \0$aEnglish$1http://www.wikidata.org/entity/Q1860$92138
=651  \0$aUnited Kingdom$1http://www.wikidata.org/entity/Q21$1http://www.wikidata.org/entity/Q145$9273
=942  \\$cBOO
=952  \\$00$10$2ddc$40$6TOP_GB_5_000000000000000$70$8TOP$911232$aORPH$bORPH$cKTS0$d2021-01-12$eKoopman$i43E29$l0$oTOP GB 5$p20127129$r2021-01-12 00:00:00$w2021-01-12$yBOO$OKoopman
=999  \\$d11245

