=LDR  01798pam a2200337 a 4500
=001  11246
=008  941020s1995\\\\enkg\\\\\b\\\\001\0deng\|
=041  \\$aeng
=100  \\$aSpink, Ian$914164$4aut
=245  10$aRestoration cathedral music, 1660-1714
=260  \\$aOxford$bClarendon Press$aNew York$bOxford University Press$c1995
=300  \\$axvi-487 pages
=490  \\$aOxford studies in British church music
=504  \\$aIncludes bibliographical references (p. 451-466) and index.
=610  \0$aChurch of England$1http://www.wikidata.org/entity/Q82708$921715
=648  \0$a17th Century (1601-1700)$1http://www.wikidata.org/entity/Q7016$920923
=650  \0$aChurch music$1http://www.wikidata.org/entity/Q8812109$92283
=650  \0$aMusic history$1http://www.wikidata.org/entity/Q846047$921373
=650  \0$aVocal music$1http://www.wikidata.org/entity/Q685884$93319
=650  \0$aChoir$1http://www.wikidata.org/entity/Q131186$93338
=650  \0$aOrgan music$1http://www.wikidata.org/entity/Q116958279$91951
=650  \0$aComposer$1http://www.wikidata.org/entity/Q36834$93625
=650  \0$aStuart Restoration$1http://www.wikidata.org/entity/Q846848$941178
=650  \0$aOrgan$1http://www.wikidata.org/entity/Q1444$92810
=650  \0$aLiturgy$1http://www.wikidata.org/entity/Q172331$92284
=650  \0$aCathedral School$1http://www.wikidata.org/entity/Q1238718$941177
=651  \0$aUnited Kingdom$1http://www.wikidata.org/entity/Q21$1http://www.wikidata.org/entity/Q145$9273
=856  \\$uhttp://www.loc.gov/catdir/enhancements/fy0603/94023774-d.html$3Publisher description
=942  \\$cBOO
=952  \\$00$10$2ddc$40$6TOP_GB_5_000000000000000$70$8TOP$911233$aORPH$bORPH$cKTS0$d2021-01-12$eKoopman$i45A25$l0$oTOP GB 5$p20127423$r2021-01-12 00:00:00$w2021-01-12$yBOO$OKoopman
=999  \\$d11246

