=LDR  01153cam a2200301 i 4500
=001  11247
=005  20250120120207.0
=008  130513t20132008enka\\\\\b\\\\001\0\eng\\
=020  \\$a9781441117229 (HB)
=020  \\$a9781441180100 (PB)
=020  \\$z9781441166494 (PDF)
=020  \\$z9781441116192 (ePUB)
=040  \\$aOI$beng$erda
=100  \\$aRasinger, Sebastian M.$d-1977$914165
=245  10$aQuantitative research in linguistics :$ban introduction /$cSebastian M. Rasinger.
=250  \\$aSecond Edition.
=264  \1$aLondon ;$aNew York :$bBloomsbury,$c[2013]
=300  \\$axi, 286 pages :$billustrations ;$c24 cm.
=336  \\$atext$2rdacontent
=337  \\$aunmediated$2rdamedia
=338  \\$avolume$2rdacarrier
=490  0\$aResearch Methods in Linguistics
=504  \\$aIncludes bibliographical references (pages 279-282) and index.
=650  \0$aLinguistics$1http://www.wikidata.org/entity/Q8162$93902
=650  \0$aLinguistics$1http://www.wikidata.org/entity/Q8162$93902
=942  \\$cBOO
=952  \\$00$10$40$70$911234$aORPH$bORPH$cLOC_UNK$d2021-01-12$l0$p20127056$r2021-01-12 00:00:00$w2021-01-12$yTYPE_UNK$OKoopman
=999  \\$c11247$d11247

