=LDR  00360    a2200109   4500
=001  11252
=100  \\$aSpitta, Philipp$95082$4aut
=245  \\$aJohann Sebastian Bach vol. 2
=260  \\$c1899
=942  \\$cBOO
=952  \\$00$10$2ddc$3vol. 2$40$6BIO_BACH1_D$70$8BIO$911239$aORPH$bORPH$cKTS1_P$d2021-01-12$oBIO BACH1 d$p20129668$r2021-01-12 00:00:00$w2021-01-12$yBOO
=999  \\$c11252$d11252

