=LDR  00338    a2200121   4500
=001  11255
=020  \\$a9080272957
=100  \\$aSplint, N.$914169
=245  \\$aInterim Musici
=260  \\$c2002
=942  \\$cBOO
=952  \\$00$10$40$70$911242$aORPH$bORPH$cLOC_UNK$d2021-01-12$l0$p20125727$r2021-01-12 00:00:00$w2021-01-12$yTYPE_UNK$OKoopman
=999  \\$c11255$d11255

