=LDR  01926aam a2200373   4500
=001  11256
=008  250507s2009\\\\|||agfd|\b|||\001\0dger\d
=020  \\$a9783447060585
=041  \\$ager
=100  \\$aSpohr, Arne$914170$4aut
=245  \\$aHow chances it they travel?$bEnglische Musiker in Dänemark und Norddeutschland 1579-1630
=260  \\$c2009$aWiesbaden$bHarrossowitz
=300  \\$a435 pages
=490  \\$aWolfenbütteler Arbeiten zur Barockforschung$vBand 45
=600  10$aBrade, William$d1560-1630$1http://www.wikidata.org/entity/Q1706870$939977
=600  \0$aBrade, Christian$dca.1600-?$940186
=600  \0$aBrade, Steffen$d?-1649$940187
=648  \0$a16th Century (1501-1600)$1http://www.wikidata.org/entity/Q7017$920944
=648  \0$a17th Century (1601-1700)$1http://www.wikidata.org/entity/Q7016$920923
=650  \0$aMusic history$1http://www.wikidata.org/entity/Q846047$921373
=650  \0$aCourt$1http://www.wikidata.org/entity/Q1134237$922191
=650  \0$aCappella$1http://www.wikidata.org/entity/Q19902156$922910
=650  \0$aPavan$1http://www.wikidata.org/entity/Q180853$923526
=650  \0$aReception$1http://www.wikidata.org/entity/Q1791660$925021
=650  \0$aInfluence$1http://www.wikidata.org/entity/Q1307337$1http://www.wikidata.org/entity/Q16578639$922289
=650  \0$aEnglish$1http://www.wikidata.org/entity/Q1860$92138
=650  \0$aMusician$1http://www.wikidata.org/entity/Q639669$93574
=651  \0$aDenmark$1http://www.wikidata.org/entity/Q35$921295
=651  \0$aHamburg (Germany)$1http://www.wikidata.org/entity/Q1055$921940
=651  \0$aBerlin (Germany)$1http://www.wikidata.org/entity/Q64$948
=651  \0$aGermany$1http://www.wikidata.org/entity/Q183$9155
=942  \\$cBOO
=952  \\$00$10$2ddc$40$6TOP_DK_4_000000000000000$70$8TOP$911243$aORPH$bORPH$cKTS0$d2021-01-12$eKoopman$i45E05$l0$oTOP DK 4$p20127485$r2021-01-12 00:00:00$w2021-01-12$yBOO$OKoopman
=999  \\$d11256

