=LDR  00319    a2200109   4500
=001  11261
=100  \\$aStachowicz, D.$4cmp$914174
=245  \\$aVeni Consolator
=260  \\$c1966
=942  \\$cSCO
=952  \\$00$10$40$70$8SCO$911248$aORPH$bORPH$cKTS1_P$d2021-01-12$l0$p20121854$r2021-01-12 00:00:00$w2021-01-12$ySCO$OW.0177
=999  \\$c11261$d11261

