=LDR  01277aam a2200253   4500
=001  11271
=008  250507s1983\\\\|||oag||\||||\00|\0\ger\d
=041  \\$ager
=100  \\$aStahmer, Klaus Hinrich$d1941-$1http://www.wikidata.org/entity/Q1745226$4aut$921756
=245  \\$aMusik in der Residenz.$bWürzburger Hofmusik
=260  \\$c1983$aWürzburg$bStürtz
=300  \\$a127 pages
=610  \0$aWürzburg Residence (Germany)$1http://www.wikidata.org/entity/Q156316$940176
=648  \0$a18th Century (1701-1800)$1http://www.wikidata.org/entity/Q7015$920899
=650  \0$aMusic history$1http://www.wikidata.org/entity/Q846047$921373
=650  \0$aCappella$1http://www.wikidata.org/entity/Q19902156$922910
=650  \0$aNobility$1http://www.wikidata.org/entity/Q134737$93602
=650  \0$aCourt$1http://www.wikidata.org/entity/Q1134237$922191
=650  \0$aMusician$1http://www.wikidata.org/entity/Q639669$93574
=650  \0$aPatronage$1http://www.wikidata.org/entity/Q214092$94245
=651  \0$aWürzburg (Germany)$1http://www.wikidata.org/entity/Q2999$924916
=942  \\$cBOO
=952  \\$00$10$2ddc$40$6TOP_DE_WUR2_5_000000000000000$70$8TOP$911258$aORPH$bORPH$cKTS0$d2021-01-12$eKoopman$i19D37$l0$oTOP DE.WUR2 5$p20127831$r2021-01-12 00:00:00$w2021-01-12$yBOO$OKoopman
=999  \\$d11271

