=LDR  00384    a2200109   4500
=001  11286
=100  \\$aStarobinski, Jean$d1920-2019$914191
=245  \\$aMontesquieu par lui-même
=260  \\$c1963
=942  \\$cBOO
=952  \\$00$10$2ddc$40$6PHI_MONT_B_STAR$70$8PHI$911273$aORPH$bORPH$cKM12_3_2$d2021-01-12$eKoopman$i43D02$oPHI MONT b STAR$p20126536$r2021-01-12 00:00:00$w2021-01-12$yBOO
=999  \\$c11286$d11286

