=LDR  01427aad a2200253   4500
=001  11289
=008  230529s1956\\\\|||\||||\||||\01|\0\ger\d
=041  \\$ager
=100  1\$aStauder, Wilhelm$d1903-1981$1http://www.wikidata.org/entity/Q55678631$4aut$914193
=245  \\$aDie Bedeutung der Schulmusik am Athenaeum für die Stadt Stade von ihrem Beginn bis zum Ausgang des 18. Jahrhunderts
=260  \\$c1956$aStade
=300  \\$a[34] pages
=490  \\$aStader Jahrbuch$v1956
=500  \\$aPart of the 'Stader Jahrbuch 1956 (Stader Archiv N. F., Heft 46), Festschrift zum hundertjährigen Bestehen des Geschichts- und Heimatvereins'; page 125-159.
=500  \\$amanuscript dedication by the author to Hans. J. Osthoff
=648  \0$aRenaissance (1400-1600)$1http://www.wikidata.org/entity/Q4692$920965
=648  \0$a17th Century (1601-1700)$1http://www.wikidata.org/entity/Q7016$920923
=648  \0$a18th Century (1701-1800)$1http://www.wikidata.org/entity/Q7015$920899
=650  \0$1http://www.wikidata.org/entity/Q846047$aMusic history$921373
=650  \0$1http://www.wikidata.org/entity/Q27908$aMusic education$921766
=651  \0$aStade (Niedersachsen, Germany)$1http://www.wikidata.org/entity/Q6949$939882
=942  \\$cCHA
=952  \\$00$10$2ddc$40$6TOP_DE_STA_4_000000000000000$70$8TOP$911276$aORPH$bORPH$cKTS0$d2021-01-12$eKoopman$i38E26$l0$oTOP DE.STA 4$p20120374$r2021-01-12 00:00:00$w2021-01-12$yCHA$OKoopman
=999  \\$d11289

