=LDR  01831aam a2200217   4500
=001  11295
=008  230509s2012\\\\||||||||\||||\00|\0\dut\d
=020  \\$a9789056152789
=041  \\$adut
=100  \\$aSteensma, Regnerus$4aut$912194
=245  \\$a De koorbanken in de Martinikerk te Bolsward en hun Europese context
=260  \\$c2012
=300  \\$a240 pages
=520  \\$aThe choir stalls in the Martinikerk in Bolsward miraculously escaped the iconoclasm. They now constitute the greatest treasure of medieval sculpture in Friesland. They were made around 1490 and have carvings with a wide variety of representations. These include biblical stories, lives of saints, as well as scenes of everyday life and ornamental work. The carving of the pew from the Broerekerk shows influence from Brabant, that of the pews from the Martinikerk influence from northern Germany.
Many fine photographs show not only the wealth of Bolsward but also the choir stalls elsewhere in the Netherlands and in Germany.

Dr Regnerus Steensma was senior lecturer at the University of Groningen in Architecture and Iconography of Christianity and director of the Institute for Liturgical Studies until 2002. He published books and articles on church building and church design, especially in the northern part of the Netherlands. In addition, he is a church photographer.
=650  \0$1http://www.wikidata.org/entity/Q9174$aReligion$93062
=650  \0$1http://www.wikidata.org/entity/Q208145$aIconography$921259
=650  \0$1http://www.wikidata.org/entity/Q219625$aFine art$921579
=651  \0$1http://www.wikidata.org/entity/Q3291153$aBolsward (Netherlands)$925480
=942  \\$cBOO
=952  \\$00$10$2ddc$40$6TOP_NL_BOL$70$8TOP$911282$aORPH$bORPH$cKTS0$d2021-01-12$eKoopman$l0$oTOP NL.BOL$p20126830$r2021-01-12 00:00:00$w2021-01-12$yBOO$OKoopman
=999  \\$d11295

