=LDR  01336aam a2200241   4500
=001  11322
=008  240531s1949\\\\||||||||\b|||\00|\0\fre\d
=041  \\$afre
=100  \\$aStellfeld, Jean-Auguste$914219$4aut
=245  \\$aBibliographie des éditions musicales plantiniennes
=260  \\$aBrussels$bPalais des Académies$bAcadémie royale de Belgique$c1949
=300  \\$a248 pages + 21 plates$bill.
=490  \\$aClasse des beaux-arts, mémoires, collection in-8°$v5.3
=561  \\$a46C23 contains a letter by Stellfeld?
=610  \0$aPlantijn (Antwerp, Belgium)$1http://www.wikidata.org/entity/Q5254948$924517
=648  \0$a16th Century (1501-1600)$1http://www.wikidata.org/entity/Q7017$920944
=650  \0$aPrinting$1http://www.wikidata.org/entity/Q11034$921936
=650  \0$aBibliography$1http://www.wikidata.org/entity/Q134995$93965
=651  \0$aAntwerp (Belgium)$1http://www.wikidata.org/entity/Q12892$920974
=942  \\$cBOO
=952  \\$00$10$2ddc$40$6BIB_4_000000000000000_BE_ANT$70$8BIB$911309$aORPH$bORPH$cKTS0$d2020-07-08$eKoopman$i30B02$l0$oBIB4 BE.ANT$p20123424$r2021-01-12 00:00:00$w2021-01-12$yBOO$OKoopman
=952  \\$00$10$2ddc$40$6KTS_1_000000000000000_C1_21_16D32$70$8RAR$924983$aORPH$bORPH$d2024-12-19$eKoopman$i16D32 (voorheen 46C23)$l0$oKTS1 C1.21 16D32$p20127640$r2024-12-19 16:35:02$w2024-12-19$yBOO
=999  \\$d11322

