=LDR  00623nam a2200169 a 4500
=001  11326
=005  20230122210442.0
=008  000710s1928\\\\ne\\\\\\r\\\\\000\0\dut\d
=040  \\$aBE-GnUNI
=100  \\$aSterck, Johannes Franciscus Maria$d1859-1941$4aut$96914
=245  10$aVan rederijkerskamer tot Muiderkring
=260  \\$aAmsterdam$bDe Spieghel$c1928
=300  \\$a147 p. :$bill.
=490  0\$aCultuur-historische studiën
=942  \\$cBOO
=952  \\$00$10$2ddc$40$6TOP_NL_5_000000000000000$70$8TOP$911313$aORPH$bORPH$cKTS0$d2021-01-12$eKoopman$i44F21$l0$oTOP NL 5$p20126818$r2021-01-12 00:00:00$w2021-01-12$yBOO
=999  \\$c11326$d11326

