=LDR  00728cam a2200217 a 4500
=001  11332
=005  20250120120210.0
=008  810608s1980\\\\enkg\\\\\\\\\\001\0\eng\\
=015  \\$aGB81-01740
=020  \\$a035404480X :$c£8.50
=040  \\$aOI
=041  \\$aeng
=100  \\$aStevens, Denis$d1922-2004$4aut$914232
=245  10$aMusicology:$bA Practical Guide
=260  \\$aLondon$bMacdonald Futura$c1980
=300  \\$a224 pages
=490  \\$aYehudi Menuhin music guides
=650  \0$aMusicology$1http://www.wikidata.org/entity/Q164204$93925
=942  \\$cBOO
=952  \\$00$10$2ddc$40$6MTP_3_000000000000000_STEV$70$8MTP$911319$aORPH$bORPH$cKM12_1$d2021-01-12$l0$oMTP3 STEV$p20130065$r2021-01-12 00:00:00$w2021-01-12$yBOO
=999  \\$d11332

