=LDR  01633cam a2200325 a 4500
=001  11338
=005  20250903131555.0
=008  021008s2002\\\\au\a\\\\\bc\\\001\0\eng\\
=020  \\$a3901995587 (v. 1)
=020  \\$a3901995595 (v. 2)
=040  \\$aOI
=041  \\$aeng
=100  \\$aSteyn, Frances Caroline$4aut$914240
=245  04$aThe medieval and Renaissance manuscripts in the Grey Collection of the National Library of South Africa, Cape Town
=260  \\$aSalzburg$bUniversität Salzburg, Institut für Anglistik und Amerikanistik$c2002
=300  \\$a2 volumes$bcolor illustrations$c30 cm
=490  \\$aAnalecta Cartusiana$v180
=504  \\$aIncludes bibliographical references (v. 2, p. 203-214) and index.
=505  0\$av. 1. Manuscripts 2.a.16-3.c.25 -- v. 2. Manuscripts 3.d.30-48.b.4-5.
=600  \0$aGrey, George$d1812-1898$914239
=610  \0$aNational Library of South Africa (Cape Town, South Africa)$1http://www.wikidata.org/entity/Q211497$91587
=648  \0$aMiddle Ages (500-1400)$1http://www.wikidata.org/entity/Q12554$920964
=648  \0$aRenaissance (1400-1600)$1http://www.wikidata.org/entity/Q4692$920965
=650  \0$aManuscript$1http://www.wikidata.org/entity/Q87167$92275
=650  \0$aLibrary$1http://www.wikidata.org/entity/Q7075$94229
=651  \0$aSouth Africa$1http://www.wikidata.org/entity/Q258$923803
=942  \\$cBOO
=952  \\$00$10$40$70$911325$aORPH$bORPH$cLOC_UNK$d2021-01-12$l0$p20122760$r2021-01-12 00:00:00$w2021-01-12$yTYPE_UNK$OKoopman
=952  \\$00$10$40$70$911326$aORPH$bORPH$cLOC_UNK$d2021-01-12$l0$p20122759$r2021-01-12 00:00:00$w2021-01-12$yTYPE_UNK$OKoopman
=999  \\$d11338

