=LDR  00894aam a2200193   4500
=001  11342
=008  250428s1885\\\\|||\||||\||||\00|\0\ger\d
=041  \\$ager
=100  \\$aStiehl, Carl$d1826-1911$1http://www.wikidata.org/entity/Q1040706$914243$4aut
=245  \\$aZur Geschichte der Instrumentalmusik in Lübeck.
=260  \\$c1885$aLübeck$bRaibel
=300  \\$a26 pages
=590  \\$aAus einem Vortrage, gehalten am 13. November in der Gesellschaft z. Beförd. gem. Thät.
=650  \0$aMusic history$1http://www.wikidata.org/entity/Q846047$921373
=650  \0$aInstrumental music$1http://www.wikidata.org/entity/Q639197$92106
=651  \0$aLübeck (Germany)$1http://www.wikidata.org/entity/Q2843$9125
=942  \\$cBOO
=952  \\$00$10$2ddc$40$6TOP_DE_LUB$70$8TOP$911329$aORPH$bORPH$cKTS0$d2021-01-12$eKoopman$i45D18$l0$oTOP DE.LUB$p20127312$r2021-01-12 00:00:00$w2021-01-12$yBOO$OKoopman
=999  \\$d11342

