=LDR  00936cam a2200229 a 4500
=001  11353
=005  20250919115302.0
=008  990204r19981910gw\a\\\\\\\\\\001\0\ger\\
=020  \\$a3890073743
=040  \\$aOI
=100  \\$aStorck, Karl$d1873-1920$914254
=245  10$aMusik und Musiker in Karikatur und Satire :$beine Kulturgeschichte der Musik aus dem Zerrspiegel /$cvon Karl Storck.
=260  \\$aLaaber :$bLaaber-Verlag$cc1998.
=300  \\$avii, 448, 48 p. :$bill. ;$c28 cm.
=650  \0$aMusic$92062
=650  \0$aMusician$1http://www.wikidata.org/entity/Q639669$93574
=650  \0$aMusic$92062
=650  \0$aMusician$1http://www.wikidata.org/entity/Q639669$93574
=650  \0$aHumor$1http://www.wikidata.org/entity/Q35874$93936
=942  \\$cBOO
=952  \\$00$10$2ddc$40$6VIS_STOR$70$8VIS$911340$aORPH$bORPH$cKTS1_H$d2021-01-12$eKoopman$i46B16$l0$oVIS STOR$p20127605$r2021-01-12 00:00:00$w2021-01-12$yBOO$OKoopman
=999  \\$c11353$d11353

