=LDR  01127cam a2200277 i 4500
=001  11356
=005  20250120115851.0
=008  151129t20162016ne\ab\\\\\\\\\001\0\dut\\
=020  \\$a9789059374508 (paperback)
=020  \\$a9059374509 (paperback)
=040  \\$aOI$beng$erda
=100  1\$aStoutenbeek, Jan,$4aut
=245  10$aGids van joods erfgoed in Nederland /$cJan Stoutenbeek & Paul Vigeveno.
=264  \1$a[Amsterdam] :$bUitgeverij Bas Lubberhuizen in samenwerking met het Joods Historisch Museum,$c[2016]
=300  \\$a495 pages :$billustrations (some color), maps (some color) ;$c23 cm
=336  \\$atext$btxt$2rdacontent
=337  \\$aunmediated$bn$2rdamedia
=338  \\$avolume$bnc$2rdacarrier
=500  \\$aIncludes indexes.
=650  \0$aJews$zNetherlands$xHistory.
=700  1\$aVigeveno, Paul,$eauthor.
=710  2\$aJoods Historisch Museum (Amsterdam, Netherlands),$epublisher.
=952  \\$00$10$40$70$911343$aORPH$bORPH$cLOC_UNK$d2021-01-12$l0$p20123747$r2021-01-12 00:00:00$w2021-01-12$yTYPE_UNK$OKoopman
=999  \\$c11356$d11356
=651  \0$aNetherlands$1http://www.wikidata.org/entity/Q55$9173
=942  \\$cBOO

