=LDR  01267aam a2200241   4500
=001  11373
=008  250623s1998\\\\|||gd|||\b|||\00|\0\ger\d
=041  \\$ager
=100  \\$aStreit, A.E. von$914271$4aut
=245  \\$aPavanen und Galliarden in der englischen Virginalmusik des ausgehenden 16. und beginnenden 17. Jahrhunderts
=260  \\$c1998$aAugsburg
=300  \\$a243 pages
=590  \\$aInaugural-Dissertation zur Erlangung des Doktorgrades der Philosophischen Fakultät I der Universität Augsburg
=648  \0$a16th Century (1501-1600)$1http://www.wikidata.org/entity/Q7017$920944
=648  \0$a17th Century (1601-1700)$1http://www.wikidata.org/entity/Q7016$920923
=650  \0$aVirginal$1http://www.wikidata.org/entity/Q922337$923762
=650  \0$aKeyboard music$1http://www.wikidata.org/entity/Q105715630$921412
=650  \0$aPavan$1http://www.wikidata.org/entity/Q180853$923526
=650  \0$aGalliard$1http://www.wikidata.org/entity/Q288824$922901
=651  \0$aUnited Kingdom$1http://www.wikidata.org/entity/Q21$1http://www.wikidata.org/entity/Q145$9273
=942  \\$cDIS
=952  \\$00$10$2ddc$40$6TOP_GB_4_000000000000000$70$8TOP$911360$aORPH$bORPH$cKTS0$d2021-01-12$eKoopman$l0$oTOP GB 4$p20120699$r2021-01-12 00:00:00$w2021-01-12$yDIS$OKoopman
=999  \\$d11373

