=LDR  01482nam a2200313 a 4500
=001  11374
=005  20250120115851.0
=008  971203s1997\\\\ne\a\\\\\b\\\\001\0\dut\\
=020  \\$a9065505482
=040  \\$aOI
=041  0\$adut$beng
=100  1\$aStreng, J. C.
=245  10$aStemme in staat :$bde bestuurlijke elite in de stadsrepubliek Zwolle 1579-1795 /$cJ.C. Streng.
=260  \\$aHilversum :$bVerloren,$c1997.
=300  \\$a605 p. :$bill. ;$c24 cm.
=546  \\$aSummary in English.
=504  \\$aIncludes bibliographical references (p. 571-588) and index.
=650  \0$aSocial classes$zNetherlands$zZwolle$xHistory$y17th century.
=650  \0$aSocial classes$zNetherlands$zZwolle$xHistory$y18th century.
=651  \0$aNetherlands$xPolitics and government.$1http://www.wikidata.org/entity/Q55$9173
=651  \0$aNetherlands$xSocial life and customs.$1http://www.wikidata.org/entity/Q55$9173
=650  \0$aElite (Social sciences)$zNetherlands$zZwolle$xHistory$y17th century.
=650  \0$aElite (Social sciences)$zNetherlands$zZwolle$xHistory$y18th century.
=651  \0$aNetherlands$xSocial conditions.$1http://www.wikidata.org/entity/Q55$9173
=952  \\$00$10$40$70$911361$aORPH$bORPH$cLOC_UNK$d2021-01-12$l0$p20128864$r2021-01-12 00:00:00$w2021-01-12$yTYPE_UNK$OKoopman
=999  \\$c11374$d11374
=648  \0$a17th Century (1601-1700)$1http://www.wikidata.org/entity/Q7016$920923
=650  \0$aMusic history$1http://www.wikidata.org/entity/Q846047$921373
=942  \\$cBOO

