=LDR  01040cam a22002534a 4500
=001  11375
=005  20250120120539.0
=008  020104s2001\\\\ne\a\\\\\\\\\\001\0\dut\\
=020  \\$a9065506608
=040  \\$aOI
=100  \\$aStreng, J. C.$914272
=245  10$aVrijheid, gelijkheid, broederschap en gezelligheid :$bhet Zwolse Sint Nicolaasgilde tijdens het ancien régime /$cdoor J.C. Streng.
=260  \\$aHilversum :$bVerloren,$c2001.
=300  \\$a214 p. :$bill. ;$c24 cm.
=504  \\$aIncludes bibliographical references (p. [202]-209) and index.
=610  \0$aSint Nicolaasgilde$91588
=650  \0$aGuild$1http://www.wikidata.org/entity/Q170161$923332
=650  \0$aGovernment business enterprises$94257
=650  \0$aConsumer goods$93943
=650  \0$aLute$1http://www.wikidata.org/entity/Q180733$93944
=942  \\$cBOO
=952  \\$00$10$40$70$911362$aORPH$bORPH$cLOC_UNK$d2021-01-12$l0$p20128516$r2021-01-12 00:00:00$w2021-01-12$yTYPE_UNK$OKoopman
=999  \\$c11375$d11375
=651  \0$aNetherlands$1http://www.wikidata.org/entity/Q55$9173

