=LDR  01014cam a2200241 a 4500
=001  11379
=005  20250715123033.0
=008  950109s1994\\\\enkb\\\\\\\\\\000\0\fre\\
=020  \\$a0729404803
=040  \\$aOI
=041  \\$afre
=100  \\$aStrien-Chardonneau, Madeleine van$914275$4aut
=245  13$aLe voyage de Hollande :$brécits de voyageurs français dans les Provinces-Unies, 1748-1795
=260  \\$aOxford$bVoltaire Foundation at the Taylor Institution$c1994
=300  \\$axii-522 pages$bmap$c24 cm
=490  \\$aStudies on Voltaire and the Eighteenth Century$v318
=648  \0$a18th Century (1701-1800)$1http://www.wikidata.org/entity/Q7015$920899
=650  \0$aTravel$1http://www.wikidata.org/entity/Q61509$94440
=650  \0$aDiary$1http://www.wikidata.org/entity/Q185598$921711
=651  \0$aNetherlands$1http://www.wikidata.org/entity/Q55$9173
=942  \\$cBOO
=952  \\$00$10$40$70$911366$aORPH$bORPH$cLOC_UNK$d2021-01-12$l0$p20122438$r2021-01-12 00:00:00$w2021-01-12$yTYPE_UNK$OKoopman
=999  \\$d11379

