=LDR  01332cam a2200301 a 4500
=001  11380
=005  20250120115953.0
=008  990302s1998\\\\ne\a\\\\\b\\\\001\0\eng\d
=010  \\$a   99179232 
=020  \\$a9053563059
=035  \\$a(OCoLC)40551833
=040  \\$aOHX$cOHX$dDGU$dDLC
=042  \\$alccopycat
=043  \\$ae-ne---$ae-be---$ae-uk---
=245  00$aTouring the Low Countries :$baccounts of British travellers, 1660-1720 /$c[edited by] Kees van Strien ; illustrations selected by Dirk de Vries.
=260  \\$aAmsterdam :$bAmsterdam University Press,$cc1998.
=300  \\$axi, 428 p. :$bill. ;$c25 cm.
=504  \\$aIncludes bibliographical references and indexes.
=651  \0$aNetherlands$1http://www.wikidata.org/entity/Q55$9173
=651  \0$aBelgium$1http://www.wikidata.org/entity/Q31$920881
=650  \0$aEnglish$1http://www.wikidata.org/entity/Q1860$92138
=650  \0$aEnglish$1http://www.wikidata.org/entity/Q1860$92138
=700  \\$aStrien, C. D. van$914276
=856  \\$uhttp://www.loc.gov/catdir/description/uchi052/99179232.html$3Publisher description
=942  \\$cBOO
=952  \\$00$10$40$70$911367$aORPH$bORPH$cLOC_UNK$d2021-01-12$l0$p20121177$r2021-01-12 00:00:00$w2021-01-12$yTYPE_UNK$OKoopman
=999  \\$c11380$d11380
=648  \0$a17th Century (1601-1700)$1http://www.wikidata.org/entity/Q7016$920923

