=LDR  01500cam a2200289 a 4500
=001  11384
=005  20251003085458.0
=008  840822s1983\\\\enka\\\\\cb\\\001\0\eng\|
=041  \\$aeng
=100  \\$aStrong, Roy C.$914282$4edt$4aut
=245  10$aArtists of the Tudor court :the portrait miniature rediscovered, 1520-1620 $bExhibition Catalog 9 July-6 November 1983, the Victoria & Albert Museum, London
=260  \\$aLondon$bVictoria & Albert Museum$c1983
=300  \\$a168 pages
=504  \\$aIncludes bibliographical references and index.
=610  \0$aHouse of Tudor$1http://www.wikidata.org/entity/Q101978$922790
=648  \0$a16th Century (1501-1600)$1http://www.wikidata.org/entity/Q7017$920944
=648  \0$a17th Century (1601-1700)$1http://www.wikidata.org/entity/Q7016$920923
=650  \0$aPortrait$1http://www.wikidata.org/entity/Q134307$92622
=650  \0$aNobility$1http://www.wikidata.org/entity/Q134737$93602
=650  \0$aExhibition$1http://www.wikidata.org/entity/Q464980$925353
=650  \0$aCatalogue$1http://www.wikidata.org/entity/Q2352616$1http://www.wikidata.org/entity/Q6941730$921484
=650  \0$aFine art$1http://www.wikidata.org/entity/Q219625$921579
=651  \0$aUnited Kingdom$1http://www.wikidata.org/entity/Q21$9273
=700  \\$aMurrell, V. J.$914285$4aut
=942  \\$cBOO
=952  \\$00$10$2ddc$40$6TOP_GB_4_000000000000000$70$8TOP$911371$aORPH$bORPH$cKTS0$d2021-01-12$eKoopman$l0$oTOP GB 4$p20127745$r2021-01-12 00:00:00$w2021-01-12$yBOO$OKoopman
=999  \\$d11384

