=LDR  00906nam a2200229 a 4500
=001  11385
=005  20250120120124.0
=008  961016s1996\\\\ne\a\\\\\b\\\\001\0\dut\\
=020  \\$a9033111500
=040  \\$aOI
=041  0\$adut$beng
=100  \\$aStronks, Els,$d-1965$914286
=245  10$aStichten of schitteren :$bde poëzie van zeventiende-eeuwse gereformeerde predikanten /$cEls Stronks.
=260  \\$aHouten :$bDen Hertog,$cc1996.
=300  \\$a347 p. :$bill. ;$c24 cm.
=504  \\$aIncludes bibliographical references (p. 305-331) and indexes.
=650  \0$aPoetry$1http://www.wikidata.org/entity/Q482$93026
=942  \\$cBOO
=952  \\$00$10$40$70$911372$aORPH$bORPH$cLOC_UNK$d2021-01-12$l0$p20120802$r2021-01-12 00:00:00$w2021-01-12$yTYPE_UNK$OKoopman
=999  \\$c11385$d11385
=651  \0$aNetherlands$1http://www.wikidata.org/entity/Q55$9173
=650  \0$aPoetry$1http://www.wikidata.org/entity/Q482$93026

