=LDR  01719cam a2200265 a 4500
=001  11387
=005  20250120115945.0
=008  940808s1998\\\\nyug\\\\\\\\\\001\0\eng\\
=020  \\$a9780393037524
=040  \\$aOI
=041  \\$aeng
=100  \\$aStrunk, Oliver$d1901-1980$1http://www.wikidata.org/entity/Q1266266$4edt$920308
=245  00$aSource Readings in Music History
=250  \\$aRev. ed.
=260  \\$aNew York$bNorton$c1998
=300  \\$axv-1552 pages$bmusic$c24 cm
=504  \\$aIncludes bibliographical references and index.
=520  \\$aForty-five years after the appearance of the first edition, Oliver Strunk's monumental anthology of writings about music has been thoroughly revised and extended by a team of scholars working under the direction of musicologist Leo Treitler. For this new edition, seven specialists in music history have replaced some selections, added others, contributed new translations, and provided additional notes and introductions. An entire new section, covering the twentieth century, significantly enlarges the book's scope. Readers can now acquire a comprehensive picture of Western musical thought and ideas through the ages.


=648  \0$aPast$1http://www.wikidata.org/entity/Q192630$922196
=650  \0$aMusic history$1http://www.wikidata.org/entity/Q846047$921373
=700  \\$aTreitler, Leo$d1931-$1http://www.wikidata.org/entity/Q6524285$4edt$914289
=942  \\$cBOO
=952  \\$00$10$2ddc$40$6GHM_0_000000000000000$70$8GHM$911374$aORPH$bORPH$cKM12_1$d2021-01-12$g147.00$l1$oGHM0$p20128967$r2022-10-12 00:00:00$s2022-10-11$w2021-01-12$yBOO
=952  \\$00$10$40$70$8COLL_UNK$919199$aORPH$bORPH$cLOC_UNK$l0$p20130765$r2021-01-12 00:00:00$w2021-01-12$yBOO
=999  \\$d11387

