=LDR  00398    a2200109   4500
=001  11388
=100  \\$aStrunk, Oliver$d1901-1980$1http://www.wikidata.org/entity/Q1266266$920308
=245  \\$aThe Renaissance
=260  \\$c1965
=942  \\$cBOO
=952  \\$00$10$2ddc$40$6GHM_0_000000000000000$70$8GHM$911375$aORPH$bORPH$cKM12_1$d2021-01-12$l0$oGHM 0$p20125739$r2021-01-12 00:00:00$w2021-01-12$yTYPE_UNK
=999  \\$c11388$d11388

