=LDR  00933cam a22002171p 4500
=001  11390
=005  20250120120140.0
=008  771205r19751873ne\af\\\\b\\\\001\0\dut\\
=015  \\$aNe75-28
=020  \\$a9022835642 :$cfl 14.90
=040  \\$aOI
=100  \\$aStuers, Victor de,$d1843-1916.$914291
=245  10$aHolland op zijn smalst /$cVictor de Stuers ; ingeleid en toegelicht door een werkgroep van het Kunsthistorisch Instituut der Universiteit van Amsterdam, bestaande uit M. Beek ... [et al.].
=260  \\$aBussum :$bDe Haan,$c[1975]
=300  \\$a180 p., [12] leaves of plates :$bill. ;$c21 cm.
=504  \\$aBibliography: p. 169-172.
=650  \0$aArchitecture$1http://www.wikidata.org/entity/Q12271$93185
=651  \0$aNetherlands$1http://www.wikidata.org/entity/Q55$9173
=942  \\$cBOO
=952  \\$00$10$40$70$911377$aORPH$bORPH$cLOC_UNK$d2021-01-12$l0$p20125724$r2021-01-12 00:00:00$w2021-01-12$yTYPE_UNK$OKoopman
=999  \\$d11390

