=LDR  00851cam a2200181 a 4500
=001  11392
=008  110103s2010\\\\\\\ao\\\\bm\\\000\0dger\d
=041  \\$ager
=100  \\$aStühlmeyer, Ludger$914294$4aut
=245  10$aCuria sonans. Die Musikgeschichte der Stadt Hof.$bEine Studie zur Kultur Oberfrankens von der Gründung des Bistums Bamberg bis zur Gegenwart
=260  \\$aBamberg$bHeinrichs-Verlag$c2010
=300  \\$a392 pages
=504  \\$aIncludes bibliographical references (p. 384-391).
=650  \0$aMusic history$1http://www.wikidata.org/entity/Q846047$921373
=651  \0$aHof (Germany)$1http://www.wikidata.org/entity/Q6938$940081
=942  \\$cBOO
=952  \\$00$10$2ddc$40$6TOP_DE_HOF_0_000000000000000$70$8TOP$911379$aORPH$bORPH$cKTS0$d2021-01-12$eKoopman$i46F19$l0$oTOP DE.HOF 0$p20126903$r2021-01-12 00:00:00$w2021-01-12$yBOO$OKoopman
=999  \\$d11392

