=LDR  00327    a2200109   4500
=001  11396
=100  \\$aStuurman, P.$914297
=245  \\$aEen passie voor het verleden
=260  \\$c1996
=942  \\$cBOO
=952  \\$00$10$40$70$911383$aORPH$bORPH$cLOC_UNK$d2021-01-12$l0$p20125260$r2021-01-12 00:00:00$w2021-01-12$yTYPE_UNK$OKoopman
=999  \\$c11396$d11396

